<html lang="en" data-iceberg-theme="loblaw" data-mobile-menu-state="inactive" data-desktop-menu-state="inactive" data-modal-state="inactive" data-drawer-state="inactive" data-media="t2" data-loading-state="false" data-notice="inactive" data-fulfillment-mode-state="inactive" data-is-touch-enabled="false" class="smartbanner-margin-top" data-theme="light" style="color-scheme: light;"><head>
        <meta charset="UTF-8">
        
            <meta name="viewport" content="width=device-width,initial-scale=1">
        
        <title>Condiments, Sauces &amp; Oil - Shop for East Asian Foods Products Online | loblaw</title>
        <meta name="google-site-verification" content="kpVyoiC6EzHMVv841lc3nhxnOGd8TsAGzTcK7alBaAg">
        
        
            <link rel="preconnect" href="https://data.signalayer.com">
            <link rel="preconnect" href="https://cdn.signalayer.com">
            <link rel="preconnect" href="https://t.signalayer.com">
            <link rel="preconnect" href="https://www.googletagmanager.com">
        
        <link rel="preconnect" href="https://dis-prod.assetful.loblaw.ca">
        <link rel="preconnect" href="https://cdn.contentful.com">
        <link rel="preconnect" href="https://assets.shop.loblaws.ca">
        <link rel="preconnect" href="https://d3rzy2hoo29vi.cloudfront.net">
        <link rel="preconnect" href="https://assets-platform.loblaws.ca">
        
            <link rel="preconnect" href="https://assets.loblaws.ca">
        
        
        <link rel="preload" as="script" href="https://www.loblaws.ca/public/3d7deb06771608a072ac65c2c541b29d73075b0f5cc8"><link rel="preload" as="font" crossorigin="crossorigin" type="font/opentype" href="https://assets.loblaws.ca/pcx_bronx_fe_assets/fonts/noir/noirpro-regular.otf" fetchpriority="high">
        <link rel="preload" as="font" crossorigin="crossorigin" type="font/opentype" href="https://assets.loblaws.ca/pcx_bronx_fe_assets/fonts/noir/noirpro-semibold.otf" fetchpriority="high">

        
        <link type="image/x-icon" rel="shortcut icon" href="https://assets.shop.loblaws.ca/ContentMedia/lsl/logos/64x64icon.ico" media="all">
        <link type="image/x-icon" rel="apple-touch-icon" href="https://assets.shop.loblaws.ca/ContentMedia/pvg/icons/pcx_app_icon.jpg">
        <link type="image/x-icon" rel="android-touch-icon" href="https://assets.shop.loblaws.ca/ContentMedia/pvg/icons/pcx_app_icon.jpg">
        <link type="image/x-icon" rel="windows-touch-icon" href="https://assets.shop.loblaws.ca/ContentMedia/pvg/icons/pcx_app_icon.jpg">

        
            
            <script src="https://cdn.signalayer.com/static/player.js" type="text/javascript" async=""></script><script async="" src="https://cdn.moengage.com/webpush/moe_webSdk.min.latest.js"></script><script async="" type="text/javascript" src="/__imp_apg__/js/sed-pcid-6ceb172d.js" id="_imp_apg_dip_" _imp_apg_cid_="sed-pcid-6ceb172d"></script><script async="" src="https://www.googletagmanager.com/gtm.js?id=GTM-NPWHZ7F"></script><script type="text/javascript" src="https://www.loblaws.ca/public/3d7deb06771608a072ac65c2c541b29d73075b0f5cc8"></script><script>
                !function(e,t,a,n,g){e[n]=e[n]||[],e[n].push({"gtm.start":(new Date).getTime(),event:"gtm.js"});var m=t.getElementsByTagName(a)[0],r=t.createElement(a);r.async=!0,r.src="https://www.googletagmanager.com/gtm.js?id=GTM-NPWHZ7F",m.parentNode.insertBefore(r,m)}(window,document,"script","dataLayer");
            </script>
        
        
        
        
        
        

        
        <link type="text/css" rel="stylesheet" href="https://assets.loblaws.ca/pcx_bronx_fe_prod/builds/production/3.46.3/2efbc63f/loblaws/loblaws-bundle.css" fetchpriority="high">

        
        <script async="" src="https://securepubads.g.doubleclick.net/tag/js/gpt.js"></script>
        
        <script async="true" type="text/javascript">
    function detectAdBlock() {
        const googleAdUrl = 'https://pagead2.googlesyndication.com/pagead/js/adsbygoogle.js';
        try {
            fetch(new Request(googleAdUrl)).catch(_ => dataLayer.push({'event':'AdBlocker'}));
        } catch (e) { 
            dataLayer.push({'event':'AdBlocker'}); 
        }
    }
    if (dataLayer) {
        detectAdBlock();
    }
</script>
        <script async="true" type="text/javascript">
    document.cookie = `lastVisited=${+Date.now()}; SameSite=None; Path=/; Secure; Max-Age=1707109200;`;
</script>

       
       
        
            <meta name="apple-itunes-app" content="app-id=1194066746, affiliate-data=ct=smart-app-banner&amp;pt=1384326">
            <meta name="google-play-app" content="app-id=pc.express.grocery.pickup&amp;hl=en_CA">
        
        
        
        
        
        
        
        
        <script>
            /* App Engine Check */
            window['ldBronxAppEngine'] = true;
            /* The cumulative app settings */
            window['ldBronxAppSettings'] = {
                appData: {"slug":"site-settings-loblaw","seoTitle":"Loblaws Supermarket | Grocery shop online or instore","appBuild":"production","appVersion":"3.46.3+2efbc63f","assetUrlPrefix":"https://d3rzy2hoo29vi.cloudfront.net/builds","gcpAssetUrlPrefix":"https://assets.loblaws.ca/pcx_bronx_fe_prod/builds","useGcpAssetUrl":true,"staticAssetPath":"https://assets.shop.loblaws.ca/ContentMedia","heartbeatPollFrequency":30,"appVersionPollFrequency":300,"adobeTargetAssetPath":"https://d3rzy2hoo29vi.cloudfront.net/assets/js/at_v1.js","isAdobeTargetEnabled":false,"isAdobeAnalyticsEnabled":false,"isCookieComplianceEnabled":false,"adobeAnalyticsAssetPath":"https://assets.adobedtm.com/ec12e179889c41354087f1ac19e02839d7c19f0e/satelliteLib-105d18abadb6163816bb52f11c640058778e502a.js","isMarketplaceEnabled":false,"regions":[],"faviconUrl":"https://assets.shop.loblaws.ca/ContentMedia/lsl/logos/64x64icon.ico","googleSiteVerificationCode":"kpVyoiC6EzHMVv841lc3nhxnOGd8TsAGzTcK7alBaAg","defaultStoreId":"1032","featureFlags":[{"id":"EnableIcebergFulfillmentToast","key":"bronxFeatureFlagEnableIcebergFulfillmentToast","status":true},{"id":"EnableCartCheckoutAccountBFFMigration","key":"bronxFeatureFlagEnableCartCheckoutAccountBFFMigration","status":true},{"id":"Kameleoon","key":"bronxFeatureFlagKameleoon","status":false},{"id":"EnableIcebergTopBar","key":"bronxFeatureFlagEnableIcebergTopBar","status":true},{"id":"EnableHeliosHomepage","key":"bronxFeatureFlagEnableHeliosHomepage","status":true},{"id":"EnableHitOftheMonth","key":"bronxFeatureFlagEnableHitOftheMonth","status":false},{"id":"EnableSEOSearchRelatedAndCanonicalTerms","key":"bronxFeatureFlagEnableSEOSearchRelatedAndCanonicalTerms","status":true},{"id":"NBRecyclingFee","key":"bronxFeatureFlagNBRecyclingFee","status":false},{"id":"FulfillmentAutomatedRefundPhotoUpload","key":"bronxFeatureFlagFulfillmentAutomatedRefundPhotoUpload","status":true},{"id":"EnableCollectionsRichgrid","key":"bronxFeatureFlagEnableCollectionsRichgrid","status":false},{"id":"EnableBffApi","key":"bronxFeatureFlagEnableBffApi","status":true},{"id":"featureFlagFaasFpsIos","key":"bronxFeatureFlagFaasFpsIos","status":true},{"id":"EnableHeliosHeroCarousel","key":"bronxFeatureFlagEnableHeliosHeroCarousel","status":true},{"id":"ShowPCORedemption","key":"bronxFeatureFlagShowPCORedemption","status":true},{"id":"PCXValueCentre","key":"bronxFeatureFlagPCXValueCentre","status":false},{"id":"FulfillmentAutomatedRefund","key":"bronxFeatureFlagFulfillmentAutomatedRefund","status":true},{"id":"settingsFeatureFlagFaasFmsIos","key":"bronxFeatureFlagFaasFmsIos","status":true},{"id":"PCXValueCentreShowPCOPoints","key":"bronxFeatureFlagPCXValueCentreShowPCOPoints","status":false},{"id":"settingsFeatureFlagFaasFpsAndroidProd","key":"bronxFeatureFlagFaasFpsAndroidProd","status":true},{"id":"PCXValueCentreShopDealsLinks","key":"bronxFeatureFlagPCXValueCentreShopDealsLinks","status":false},{"id":"PDPForecastAd","key":"bronxFeatureFlagPDPForecastAd","status":false},{"id":"EnableHolidayInsidersCarousel","key":"bronxFeatureFlagEnableHolidayInsidersCarousel","status":true},{"id":"PCXPassCancellationSurvey","key":"bronxFeatureFlagPCXPassCancellationSurvey","status":true},{"id":"settingsFeatureFlagFaasFpsAndroid","key":"bronxFeatureFlagFaasFpsAndroid","status":false},{"id":"EnableHeliosCollectionsv2","key":"bronxFeatureFlagEnableHeliosCollectionsv2","status":true},{"id":"OrderDashboard","key":"bronxFeatureFlagOrderDashboard","status":true},{"id":"EnableHeliosFlyerItems","key":"bronxFeatureFlagEnableHeliosFlyerItems","status":true},{"id":"isV4TimeslotApiEnabled","key":"bronxFeatureFlagIsV4TimeslotApiEnabled","status":true},{"id":"MembersOnlyPricing","key":"bronxFeatureFlagMembersOnlyPricing","status":true},{"id":"ShowPCORedemptionOnlyInPilotStores","key":"bronxFeatureFlagShowPCORedemptionOnlyInPilotStores","status":true},{"id":"HideFaaSToolTip","key":"bronxFeatureFlagHideFaaSToolTip","status":false},{"id":"ShowPCORedemptionPilotStorePhaseOne","key":"bronxFeatureFlagShowPCORedemptionPilotStorePhaseOne","status":true},{"id":"AdaSupportChatBot","key":"bronxFeatureFlagAdaSupportChatBot","status":true},{"id":"mediaFeatureFlagFirebaseEventsLogs","key":"bronxFeatureFlagFirebaseEventsLogs","status":false},{"id":"MealPlannerChat","key":"bronxFeatureFlagMealPlannerChat","status":false},{"id":"SearchPromoTileGAMAd2","key":"bronxFeatureFlagSearchPromoTileGAMAd2","status":true},{"id":"SearchPromoTileGAMAd1","key":"bronxFeatureFlagSearchPromoTileGAMAd1","status":true},{"id":"EnableTippingFees","key":"bronxFeatureFlagEnableTippingFees","status":false},{"id":"EnableRapidMode","key":"bronxFeatureFlagEnableRapidMode","status":true},{"id":"EnableBrowseMigrationCookieB","key":"bronxFeatureFlagEnableBrowseMigrationCookieB","status":true},{"id":"PCXPassResubscribe","key":"bronxFeatureFlagPCXPassResubscribe","status":true},{"id":"ShippingOptions","key":"bronxFeatureFlagShippingOptions","status":false},{"id":"PassVelvet","key":"bronxFeatureFlagPassVelvet","status":false},{"id":"SignaLayer","key":"bronxFeatureFlagSignaLayer","status":true},{"id":"MoEngage","key":"bronxFeatureFlagMoEngage","status":true},{"id":"FulfillmentMethodAgnostic","key":"bronxFeatureFlagFulfillmentMethodAgnostic","status":false},{"id":"PCXPassUpgradePlan","key":"bronxFeatureFlagPCXPassUpgradePlan","status":true},{"id":"HideFaaSDelivery","key":"bronxFeatureFlagHideFaaSDelivery","status":false},{"id":"AsyncSubsManagmentWeb","key":"bronxFeatureFlagAsyncSubsManagmentWeb","status":false},{"id":"AddressAutocompleteCheckout","key":"bronxFeatureFlagAddressAutocompleteCheckout","status":true},{"id":"DeliveryTipping","key":"bronxFeatureFlagDeliveryTipping","status":true},{"id":"ShopJoeFreshOnGrocery","key":"bronxFeatureFlagShopJoeFreshOnGrocery","status":true},{"id":"PDPGAMAdUnitEnabled","key":"bronxFeatureFlagPDPGAMAdUnitEnabled","status":true},{"id":"ShowFlyerRedesignV2","key":"bronxFeatureFlagShowFlyerRedesignV2","status":true},{"id":"RapidOrderTracking","key":"bronxFeatureFlagOrderTracking","status":true},{"id":"UseSEOStoreID","key":"bronxFeatureFlagUseSEOStoreID","status":true},{"id":"DisplayFloatingCheckoutButton","key":"bronxFeatureFlagDisplayFloatingCheckoutButton","status":false},{"id":"EnableHeliosSRP","key":"bronxFeatureFlagEnableHeliosSRP","status":false},{"id":"EnableHeliosClpPlp","key":"bronxFeatureFlagEnableHeliosClpPlp","status":true},{"id":"Marketplace","key":"bronxFeatureFlagMarketplace","status":false},{"id":"MarketplaceOnlyMode","key":"bronxFeatureFlagMarketplaceOnlyMode","status":false},{"id":"FulfillmentAsAService","key":"bronxFeatureFlagFulfillmentAsAService","status":true},{"id":"IsPcxPassAdUnitContentful","key":"bronxFeatureFlagIsPcxPassAdUnitContentful","status":true},{"id":"EnableHeliosMarketplaceClpPlp","key":"bronxFeatureFlagEnableHeliosMarketplaceClpPlp","status":false},{"id":"NoTaxEvent","key":"bronxFeatureFlagNoTaxEvent","status":true},{"id":"PingPEServices","key":"bronxFeatureFlagPingPEServices","status":false},{"id":"GoGreenPackagingV2","key":"bronxFeatureFlagGoGreenPackagingV2","status":true},{"id":"PcExpressPass","key":"bronxFeatureFlagPcExpressPass","status":true},{"id":"ShowRapidPromotionTile","key":"bronxFeatureFlagShowRapidPromotionTile","status":false},{"id":"Talkable","key":"bronxFeatureFlagTalkable","status":false},{"id":"HideOOSProducts","key":"bronxFeatureFlagHideOOSProducts","status":false},{"id":"AlternativeFulfillment","key":"bronxFeatureFlagAlternativeFulfillment","status":false},{"id":"EnableLeaderboardSearchResultGrid","key":"bronxFeatureFlagEnableLeaderboardSearchResultGrid","status":true},{"id":"SnowplowAnalytics","key":"bronxFeatureFlagSnowplowAnalytics","status":false},{"id":"SnowplowAnalyticsPhaseOne","key":"bronxFeatureFlagSnowplowAnalyticsPhaseOne","status":false},{"id":"SnowplowAnalyticsPhaseTwo","key":"bronxFeatureFlagSnowplowAnalyticsPhaseTwo","status":true},{"id":"EnableHeliosSnowplow","key":"bronxFeatureFlagEnableHeliosSnowplow","status":true},{"id":"EnableFacadeSpPersonalization","key":"bronxFeatureFlagEnableFacadeSpPersonalization","status":true},{"id":"MPProductTileTag","key":"bronxFeatureFlagMPProductTileTag","status":true},{"id":"QuantifyCustomerDemand","key":"bronxFeatureFlagQuantifyCustomerDemand","status":true},{"id":"EnableSinglePageCheckout","key":"bronxFeatureFlagEnableSinglePageCheckout","status":false},{"id":"SearchPromoTileHybrisDisable","key":"bronxFeatureFlagSearchPromoTileHybrisDisable","status":true},{"id":"EnableHelios","key":"bronxFeatureFlagEnableHelios","status":true},{"id":"EnableDietaryCallOutFilter","key":"bronxFeatureFlagEnableDietaryCallOutFilter","status":true},{"id":"WayfindingQuickFilters","key":"bronxFeatureFlagWayfindingQuickFilters","status":true},{"id":"FlyerGAMAdUnit","key":"bronxFeatureFlagFlyerGAMAdUnit","status":true},{"id":"AllDealsAndFlyerItemGAMAdUnit","key":"bronxFeatureFlagAllDealsAndFlyerItemGAMAdUnit","status":true},{"id":"SponsoredSearchCarousel","key":"bronxFeatureFlagSponsoredSearchCarousel","status":true},{"id":"QFTopBrandsChip","key":"bronxFeatureFlagQFTopBrandsChip","status":false},{"id":"QFExclusiveBrandsChip","key":"bronxFeatureFlagQFExclusiveBrandsChip","status":false},{"id":"QFFavouriteBrandsChip","key":"bronxFeatureFlagQFFavouriteBrandsChip","status":false},{"id":"AutoLocalizeWithAkamai","key":"bronxFeatureFlagAutoLocalizeWithAkamai","status":true},{"id":"AutoLocalizeWithMaxMind","key":"bronxFeatureFlagAutoLocalizeWithMaxMind","status":false},{"id":"PastOrderDashboardOneClickATC","key":"bronxFeatureFlagPastOrderDashboardOneClickATC","status":true},{"id":"MiniAppCheckout","key":"bronxFeatureFlagMiniAppCheckout","status":true},{"id":"EnableWholeSaleClubPCOExperience","key":"bronxFeatureFlagEnableWholeSaleClubPCOExperience","status":false},{"id":"NewfoundlandSugarSweetenedBeverageTax","key":"bronxFeatureFlagNewfoundlandSugarSweetenedBeverageTax","status":false},{"id":"LiveCartAislesOrganization","key":"bronxFeatureFlagLiveCartAislesOrganization","status":true},{"id":"AllDealsAndFlyerForecastAd","key":"bronxFeatureFlagAllDealsAndFlyerForecastAd","status":true},{"id":"DiscountGoGreen","key":"bronxFeatureFlagDiscountGoGreen","status":false},{"id":"BifrostInventoryCheck","key":"bronxFeatureFlagBifrostInventoryCheck","status":false},{"id":"SponsoredCLPCarousel","key":"bronxFeatureFlagSponsoredCLPCarousel","status":true},{"id":"SponsoredCartReviewCarousel","key":"bronxFeatureFlagSponsoredCartReviewCarousel","status":true},{"id":"OutOfStock","key":"bronxFeatureFlagOutOfStock","status":true},{"id":"HideRapidServiceFeeOnCartReviewPage","key":"bronxFeatureFlagHideRapidServiceFeeOnCartReviewPage","status":false},{"id":"CustomerSelectedSubsInCart","key":"bronxFeatureFlagCustomerSelectedSubsInCart","status":true},{"id":"EnableBannerWideCSSubs","key":"bronxFeatureFlagEnableBannerWideCSSubs","status":true},{"id":"CustomerSelectedSubsPreCheckout","key":"bronxFeatureFlagCustomerSelectedSubsPreCheckout","status":true},{"id":"PCXAccountDeletion","key":"bronxFeatureFlagPCXAccountDeletion","status":true},{"id":"AutoLocalization","key":"bronxFeatureFlagAutoLocalization","status":true},{"id":"ShowTypeAheadTopSearchesForMPMode","key":"bronxFeatureFlagShowTypeAheadTopSearchesForMPMode","status":true},{"id":"RecentlyViewedProducts","key":"bronxFeatureFlagRecentlyViewedProducts","status":true},{"id":"EnableV2CartService","key":"bronxFeatureFlagEnableV2CartService","status":true},{"id":"Delivery","key":"bronxFeatureFlagDelivery","status":false},{"id":"OptimizedProductImages","key":"bronxFeatureFlagOptimizedProductImages","status":true},{"id":"EnableHomepageSponsoredCarousel","key":"bronxFeatureFlagEnableHomepageSponsoredCarousel","status":false},{"id":"AddMoreItemsCTA","key":"bronxFeatureFlagAddMoreItemsCTA","status":true},{"id":"EnableTypeaheadContentfulLink","key":"bronxFeatureFlagEnableTypeaheadContentfulLink","status":true},{"id":"PCOPdpEnrolmentTileForMassOffer","key":"bronxFeatureFlagPCOPdpEnrolmentTileForMassOffer","status":true},{"id":"PCOPdpEnrolment","key":"bronxFeatureFlagPCOPdpEnrolment","status":true},{"id":"enableProductDetailsField","key":"bronxFeatureFlagEnableProductDetailsField","status":false},{"id":"WeightedItemsQuantityFormatting","key":"bronxFeatureFlagWeightedItemsQuantityFormatting","status":true},{"id":"CartOrganizationHideAislesInFrench","key":"bronxFeatureFlagCartOrganizationHideAislesInFrench","status":false},{"id":"CartOrganizationExperimentA","key":"bronxFeatureFlagCartOrganizationExperimentA","status":false},{"id":"CartOrganizationExperimentB","key":"bronxFeatureFlagCartOrganizationExperimentB","status":false},{"id":"FlyerModalDrawerQuickview","key":"bronxFeatureFlagFlyerModalDrawerQuickview","status":true},{"id":"PCOCheckoutEnrolment","key":"bronxFeatureFlagPCOCheckoutEnrolment","status":true},{"id":"OrderDashboardRedirectAfterOrderComplete","key":"bronxFeatureFlagOrderDashboardRedirectAfterOrderComplete","status":true},{"id":"ServerSideNavigationRestCall","key":"bronxFeatureFlagServerSideNavigationRestCall","status":true},{"id":"EnableLeaderboardSearchResultTop","key":"bronxFeatureFlagEnableLeaderboardSearchResultTop","status":true},{"id":"IncludeAlcoholTaxMsg","key":"bronxFeatureFlagIncludeAlcoholTaxMsg","status":true},{"id":"ExpSeperateFoodNonFoodNav","key":"bronxFeatureFlagExpSeperateFoodNonFoodNav","status":false},{"id":"HeroV2SwitchFulfillmentMode","key":"bronxFeatureFlagHeroV2SwitchFulfillmentMode","status":true},{"id":"HomePageHeroV2","key":"bronxFeatureFlagHomePageHeroV2","status":true},{"id":"QuickViewPcoOffer","key":"bronxFeatureFlagQuickViewPcoOffer","status":true},{"id":"ShowThirtyMinTimeSlot","key":"bronxFeatureFlagShowThirtyMinTimeSlot","status":true},{"id":"FlyerVideoPlayer","key":"bronxFeatureFlagFlyerVideoPlayer","status":true},{"id":"ExpHolidayShopNavStyling","key":"bronxFeatureFlagExpHolidayShopNavStyling","status":false},{"id":"ExpExpandedFoodNav","key":"bronxFeatureFlagExpExpandedFoodNav","status":false},{"id":"ExpJoeFreshNavStyling","key":"bronxFeatureFlagExpJoeFreshNavStyling","status":false},{"id":"OneSearch","key":"bronxFeatureFlagOneSearch","status":true},{"id":"UnlocalizedCartAddition","key":"bronxFeatureFlagUnlocalizedCartAddition","status":true},{"id":"AutoLocalizationNonShoppable","key":"bronxFeatureFlagAutoLocalizationNonShoppable","status":true},{"id":"MultiItemFlyerQuickview","key":"bronxFeatureFlagMultiItemFlyerQuickview","status":true},{"id":"V4ProductFacadeForPDP","key":"bronxFeatureFlagV4ProductFacadeForPDP","status":false},{"id":"ShouldIncludeGTMScript","key":"bronxFeatureFlagShouldIncludeGTMScript","status":true},{"id":"TestFeatureFlagOverride","key":"bronxFeatureFlagTestFeatureFlagOverride","status":true},{"id":"DidYouMeanSearch","key":"bronxFeatureFlagDidYouMeanSearch","status":true},{"id":"FlippFlyerV2","key":"bronxFeatureFlagFlippFlyerV2","status":true},{"id":"AutoLocalizationWellnessPages","key":"bronxFeatureFlagAutoLocalizationWellnessPages","status":true},{"id":"FlyerNavigationContentful","key":"bronxFeatureFlagFlyerNavigationContentful","status":true},{"id":"AutoLocalizationDependencyPages","key":"bronxFeatureFlagAutoLocalizationDependencyPages","status":true},{"id":"HideExpeditedShippingOption","key":"bronxFeatureFlagHideExpeditedShippingOption","status":false},{"id":"PS5ConsoleDirectLink","key":"bronxFeatureFlagPS5ConsoleDirectLink","status":false},{"id":"ShowTypeAheadYourSearches","key":"bronxFeatureFlagShowTypeAheadYourSearches","status":true},{"id":"ShowTypeAheadTopSearches","key":"bronxFeatureFlagShowTypeAheadTopSearches","status":true},{"id":"LowInventory","key":"bronxFeatureFlagLowInventory","status":true},{"id":"ExpPCOInNavFlyers","key":"bronxFeatureFlagExpPCOInNavFlyers","status":false},{"id":"ExpPCOInNavMyshop","key":"bronxFeatureFlagExpPCOInNavMyshop","status":false},{"id":"V3ProductFacadeFlyerSearch","key":"bronxFeatureFlagV3ProductFacadeFlyerSearch","status":true},{"id":"DigitalFlyerSubscriptions","key":"bronxFeatureFlagDigitalFlyerSubscriptions","status":true},{"id":"WellnessNaturalFoods","key":"bronxFeatureFlagWellnessNaturalFoods","status":false},{"id":"WellnessMedicalClinics","key":"bronxFeatureFlagWellnessMedicalClinics","status":false},{"id":"WellnessDietitians","key":"bronxFeatureFlagWellnessDietitians","status":true},{"id":"WellnessOptical","key":"bronxFeatureFlagWellnessOptical","status":true},{"id":"WellnessGuidingStars","key":"bronxFeatureFlagWellnessGuidingStars","status":true},{"id":"WellnessPharmacy","key":"bronxFeatureFlagWellnessPharmacy","status":false},{"id":"SomeRandomTestFeatureFlag","key":"bronxFeatureFlagSomeRandomTestFeatureFlag","status":false},{"id":"CIAM","key":"bronxFeatureFlagCIAM","status":true},{"id":"Contentful","key":"bronxFeatureFlagContentful","status":true},{"id":"AdobeTarget","key":"bronxFeatureFlagAdobeTarget","status":true},{"id":"FontNoir","key":"bronxFeatureFlagFontNoir","status":true},{"id":"AdobeAnalytics","key":"bronxFeatureFlagAdobeAnalytics","status":true},{"id":"Instacart","key":"bronxFeatureFlagInstacart","status":true}],"cookieComplianceDomainScript":null},
                bannerData: {"banner":"loblaws","hostname":"loblaws","site":"loblaw","appSettingsBanner":"loblaw","locale":"en"},
                spaData: {"cdnPath":"https://assets.loblaws.ca/pcx_bronx_fe_prod/builds/production/3.46.3/2efbc63f/loblaws","folder":"loblaws","vendorJSPath":"https://assets.loblaws.ca/pcx_bronx_fe_prod/builds/production/3.46.3/2efbc63f/loblaws/loblaws-vendor.bundle.js","bundleJSPath":"https://assets.loblaws.ca/pcx_bronx_fe_prod/builds/production/3.46.3/2efbc63f/loblaws/loblaws-bundle.js","bundleCSSPath":"https://assets.loblaws.ca/pcx_bronx_fe_prod/builds/production/3.46.3/2efbc63f/loblaws/loblaws-bundle.css"},
            };
            /* The cached endpoints */
            window['ldBronxCachedEndpoints'] = null;
        </script>
    <link rel="stylesheet" type="text/css" href="https://assets.loblaws.ca/pcx_bronx_fe_prod/builds/production/3.46.3/2efbc63f/loblaws/commonUIComponents-fef459bd_app.bundle.css"><link rel="stylesheet" type="text/css" href="https://assets.loblaws.ca/pcx_bronx_fe_prod/builds/production/3.46.3/2efbc63f/loblaws/commonProduct-9b3cd547_app.bundle.css"><link rel="stylesheet" type="text/css" href="https://assets.loblaws.ca/pcx_bronx_fe_prod/builds/production/3.46.3/2efbc63f/loblaws/commonProduct-dee3f71c_app.bundle.css"><link rel="stylesheet" type="text/css" href="https://assets.loblaws.ca/pcx_bronx_fe_prod/builds/production/3.46.3/2efbc63f/loblaws/7623_app.bundle.css"><meta http-equiv="origin-trial" content="As0hBNJ8h++fNYlkq8cTye2qDLyom8NddByiVytXGGD0YVE+2CEuTCpqXMDxdhOMILKoaiaYifwEvCRlJ/9GcQ8AAAB8eyJvcmlnaW4iOiJodHRwczovL2RvdWJsZWNsaWNrLm5ldDo0NDMiLCJmZWF0dXJlIjoiV2ViVmlld1hSZXF1ZXN0ZWRXaXRoRGVwcmVjYXRpb24iLCJleHBpcnkiOjE3MTk1MzI3OTksImlzU3ViZG9tYWluIjp0cnVlfQ=="><meta http-equiv="origin-trial" content="AgRYsXo24ypxC89CJanC+JgEmraCCBebKl8ZmG7Tj5oJNx0cmH0NtNRZs3NB5ubhpbX/bIt7l2zJOSyO64NGmwMAAACCeyJvcmlnaW4iOiJodHRwczovL2dvb2dsZXN5bmRpY2F0aW9uLmNvbTo0NDMiLCJmZWF0dXJlIjoiV2ViVmlld1hSZXF1ZXN0ZWRXaXRoRGVwcmVjYXRpb24iLCJleHBpcnkiOjE3MTk1MzI3OTksImlzU3ViZG9tYWluIjp0cnVlfQ=="><meta http-equiv="origin-trial" content="A/ERL66fN363FkXxgDc6F1+ucRUkAhjEca9W3la6xaLnD2Y1lABsqmdaJmPNaUKPKVBRpyMKEhXYl7rSvrQw+AkAAACNeyJvcmlnaW4iOiJodHRwczovL2RvdWJsZWNsaWNrLm5ldDo0NDMiLCJmZWF0dXJlIjoiRmxlZGdlQmlkZGluZ0FuZEF1Y3Rpb25TZXJ2ZXIiLCJleHBpcnkiOjE3MTkzNTk5OTksImlzU3ViZG9tYWluIjp0cnVlLCJpc1RoaXJkUGFydHkiOnRydWV9"><meta http-equiv="origin-trial" content="A6OdGH3fVf4eKRDbXb4thXA4InNqDJDRhZ8U533U/roYjp4Yau0T3YSuc63vmAs/8ga1cD0E3A7LEq6AXk1uXgsAAACTeyJvcmlnaW4iOiJodHRwczovL2dvb2dsZXN5bmRpY2F0aW9uLmNvbTo0NDMiLCJmZWF0dXJlIjoiRmxlZGdlQmlkZGluZ0FuZEF1Y3Rpb25TZXJ2ZXIiLCJleHBpcnkiOjE3MTkzNTk5OTksImlzU3ViZG9tYWluIjp0cnVlLCJpc1RoaXJkUGFydHkiOnRydWV9"><script src="https://securepubads.g.doubleclick.net/pagead/managed/js/gpt/m202403130101/pubads_impl.js" async=""></script><style type="text/css" id="kampyleStyle">.noOutline{outline: none !important;}.wcagOutline:focus{outline: 1px dashed #595959 !important;outline-offset: 2px !important;transition: none !important;}</style><script type="text/javascript">(function(i,s,o,g,r,a,m,n){i.moengage_object=r;t={};q=function(f){return function(){(i.moengage_q=i.moengage_q||[]).push({f:f,a:arguments})}};f=['track_event','add_user_attribute','add_first_name','add_last_name','add_email','add_mobile','add_user_name','add_gender','add_birthday','destroy_session','add_unique_user_id','moe_events','call_web_push','track','location_type_attribute', 'setDebugLevel'],h={onsite:["getData","registerCallback"]};for(k
        in f){t[f[k]]=q(f[k])}for(k in h)for(l in h[k]){null==t[k]&&(t[k]={}),t[k][h[k][l]]=q(k+"."+h[k][l])}a=s.createElement(o);m=s.getElementsByTagName(o)[0];a.async=1;a.src=g;m.parentNode.insertBefore(a,m);i.moe=i.moe||function(){n=arguments[0];return t};a.onload=function(){if(n){i[r]=moe(n)}}})(window,document,'script','https://cdn.moengage.com/webpush/moe_webSdk.min.latest.js','Moengage')
        Moengage = moe({
          app_id: "M7VT5L14QFA5434ELXHZ4RL9",
          debug_logs: 0,
          swPath: "/serviceworker.js",
          cluster: "DC_1",
          disableOnsite: false,
          enableSPA: false,
          cards: null
        });
      </script><link rel="stylesheet" type="text/css" href="https://assets.loblaws.ca/pcx_bronx_fe_prod/builds/production/3.46.3/2efbc63f/loblaws/commonCart-b3a6be8e_app.bundle.css"><link rel="stylesheet" type="text/css" href="https://assets.loblaws.ca/pcx_bronx_fe_prod/builds/production/3.46.3/2efbc63f/loblaws/site-layout-7413f8ad_app.bundle.css"><link rel="stylesheet" type="text/css" href="https://assets.loblaws.ca/pcx_bronx_fe_prod/builds/production/3.46.3/2efbc63f/loblaws/1988_app.bundle.css"><style data-jss="" data-meta="MuiSvgIcon">
.MuiSvgIcon-root {
  fill: currentColor;
  width: 1em;
  height: 1em;
  display: inline-block;
  font-size: 1.5rem;
  transition: fill 200ms cubic-bezier(0.4, 0, 0.2, 1) 0ms;
  flex-shrink: 0;
  user-select: none;
}
.MuiSvgIcon-colorPrimary {
  color: #3f51b5;
}
.MuiSvgIcon-colorSecondary {
  color: #f50057;
}
.MuiSvgIcon-colorAction {
  color: rgba(0, 0, 0, 0.54);
}
.MuiSvgIcon-colorError {
  color: #f44336;
}
.MuiSvgIcon-colorDisabled {
  color: rgba(0, 0, 0, 0.26);
}
.MuiSvgIcon-fontSizeInherit {
  font-size: inherit;
}
.MuiSvgIcon-fontSizeSmall {
  font-size: 1.25rem;
}
.MuiSvgIcon-fontSizeLarge {
  font-size: 2.1875rem;
}
</style><link rel="stylesheet" type="text/css" href="https://assets.loblaws.ca/pcx_bronx_fe_prod/builds/production/3.46.3/2efbc63f/loblaws/helios-clp-plp-container_app.bundle.css"><link rel="stylesheet" type="text/css" href="https://assets-platform.loblaws.ca/ldp-core-web-prod/production/ldp/view-resolver-pcx/1.28.0/dist/static/css/419.chunk.css"><style type="text/css">.indiana-scroll-container {
  overflow: auto; }
  .indiana-scroll-container--dragging {
    scroll-behavior: auto !important; }
    .indiana-scroll-container--dragging > * {
      pointer-events: none;
      cursor: -webkit-grab;
      cursor: grab; }
  .indiana-scroll-container--hide-scrollbars {
    overflow: hidden;
    overflow: -moz-scrollbars-none;
    -ms-overflow-style: none;
    scrollbar-width: none; }
    .indiana-scroll-container--hide-scrollbars::-webkit-scrollbar {
      display: none !important;
      height: 0 !important;
      width: 0 !important;
      background: transparent !important;
      -webkit-appearance: none !important; }
  .indiana-scroll-container--native-scroll {
    overflow: auto; }

.indiana-dragging {
  cursor: -webkit-grab;
  cursor: grab; }
</style><style data-emotion="css-global" data-s=""></style><style data-emotion="css-global" data-s=""></style><style data-emotion="css-global" data-s=""></style><style data-emotion="css-global" data-s=""></style><style data-emotion="css-global" data-s=""></style><style data-emotion="css" data-s=""></style><link rel="canonical" href="https://www.loblaws.ca/food/international-foods/east-asian-foods/condiments-sauces-oil/c/58472" data-react-helmet="true"><meta name="description" content="Browse products in Condiments, Sauces &amp; Oil on loblaw near you. Schedule Delivery or Pickups Online. Subject to Availability." data-react-helmet="true"><meta name="robots" content="index, follow" data-react-helmet="true"><style>.sl-push-banner-1-animation-show {
  -webkit-animation-name: bannerShow1;
  animation-name: bannerShow1;
  -webkit-animation-duration: 0.3s;
  animation-duration: 0.3s;
  animation-fill-mode: forwards; }

.sl-push-banner-1-animation-hide {
  -webkit-animation-name: bannerHide1;
  animation-name: bannerHide1;
  -webkit-animation-duration: 0.3s;
  animation-duration: 0.3s;
  animation-fill-mode: forwards; }

.sl-push-banner-2-animation-show {
  -webkit-animation-name: bannerShow2;
  animation-name: bannerShow2;
  -webkit-animation-duration: 0.3s;
  animation-duration: 0.3s;
  animation-fill-mode: forwards; }

.sl-push-banner-2-animation-hide {
  -webkit-animation-name: bannerHide2;
  animation-name: bannerHide2;
  -webkit-animation-duration: 0.3s;
  animation-duration: 0.3s;
  animation-fill-mode: forwards; }

.sl-push-banner-3-animation-show {
  -webkit-animation-name: bannerShow3;
  animation-name: bannerShow3;
  -webkit-animation-duration: 0.3s;
  animation-duration: 0.3s;
  animation-fill-mode: forwards; }

.sl-push-banner-3-animation-hide {
  -webkit-animation-name: bannerHide3;
  animation-name: bannerHide3;
  -webkit-animation-duration: 0.3s;
  animation-duration: 0.3s;
  animation-fill-mode: forwards; }

.sl-push-banner-4-animation-show {
  -webkit-animation-name: bannerShow4;
  animation-name: bannerShow4;
  -webkit-animation-duration: 0.3s;
  animation-duration: 0.3s;
  animation-fill-mode: forwards; }

.sl-push-banner-4-animation-hide {
  -webkit-animation-name: bannerHide4;
  animation-name: bannerHide4;
  -webkit-animation-duration: 0.3s;
  animation-duration: 0.3s;
  animation-fill-mode: forwards; }

.sl-push-banner-5-animation-show {
  -webkit-animation-name: bannerShow5;
  animation-name: bannerShow5;
  -webkit-animation-duration: 0.3s;
  animation-duration: 0.3s;
  animation-fill-mode: forwards; }

.sl-push-banner-5-animation-hide {
  -webkit-animation-name: bannerHide5;
  animation-name: bannerHide5;
  -webkit-animation-duration: 0.3s;
  animation-duration: 0.3s;
  animation-fill-mode: forwards; }

.sl-push-banner-6-animation-show {
  -webkit-animation-name: bannerShow6;
  animation-name: bannerShow6;
  -webkit-animation-duration: 0.3s;
  animation-duration: 0.3s;
  animation-fill-mode: forwards; }

.sl-push-banner-6-animation-hide {
  -webkit-animation-name: bannerHide6;
  animation-name: bannerHide6;
  -webkit-animation-duration: 0.3s;
  animation-duration: 0.3s;
  animation-fill-mode: forwards; }

/* Push effect animations */
@keyframes bannerShow1 {
  from {
    padding-top: 0; }
  to {
    padding-top: 70px; } }

@-webkit-keyframes bannerShow1 {
  from {
    padding-top: 0; }
  to {
    padding-top: 70px; } }

@keyframes bannerHide1 {
  from {
    padding-top: 70px; }
  to {
    padding-top: 0; } }

@-webkit-keyframes bannerHide1 {
  from {
    padding-top: 70px; }
  to {
    padding-top: 0; } }

@keyframes bannerShow2 {
  from {
    padding-top: 0; }
  to {
    padding-top: 90px; } }

@-webkit-keyframes bannerShow2 {
  from {
    padding-top: 0; }
  to {
    padding-top: 90px; } }

@keyframes bannerHide2 {
  from {
    padding-top: 90px; }
  to {
    padding-top: 0; } }

@-webkit-keyframes bannerHide2 {
  from {
    padding-top: 90px; }
  to {
    padding-top: 0; } }

@keyframes bannerShow3 {
  from {
    padding-top: 0; }
  to {
    padding-top: 110px; } }

@-webkit-keyframes bannerShow3 {
  from {
    padding-top: 0; }
  to {
    padding-top: 110px; } }

@keyframes bannerHide3 {
  from {
    padding-top: 110px; }
  to {
    padding-top: 0; } }

@-webkit-keyframes bannerHide3 {
  from {
    padding-top: 110px; }
  to {
    padding-top: 0; } }

@keyframes bannerShow4 {
  from {
    padding-top: 0; }
  to {
    padding-top: 130px; } }

@-webkit-keyframes bannerShow4 {
  from {
    padding-top: 0; }
  to {
    padding-top: 130px; } }

@keyframes bannerHide4 {
  from {
    padding-top: 130px; }
  to {
    padding-top: 0; } }

@-webkit-keyframes bannerHide4 {
  from {
    padding-top: 130px; }
  to {
    padding-top: 0; } }

@keyframes bannerShow5 {
  from {
    padding-top: 0; }
  to {
    padding-top: 150px; } }

@-webkit-keyframes bannerShow5 {
  from {
    padding-top: 0; }
  to {
    padding-top: 150px; } }

@keyframes bannerHide5 {
  from {
    padding-top: 150px; }
  to {
    padding-top: 0; } }

@-webkit-keyframes bannerHide5 {
  from {
    padding-top: 150px; }
  to {
    padding-top: 0; } }

@keyframes bannerShow6 {
  from {
    padding-top: 0; }
  to {
    padding-top: 170px; } }

@-webkit-keyframes bannerShow6 {
  from {
    padding-top: 0; }
  to {
    padding-top: 170px; } }

@keyframes bannerHide6 {
  from {
    padding-top: 170px; }
  to {
    padding-top: 0; } }

@-webkit-keyframes bannerHide6 {
  from {
    padding-top: 170px; }
  to {
    padding-top: 0; } }

.sl-push-bar-1-animation-show {
  -webkit-animation-name: barShow1;
  animation-name: barShow1;
  -webkit-animation-duration: 0.3s;
  animation-duration: 0.3s;
  animation-fill-mode: forwards; }

.sl-push-bar-1-animation-hide {
  -webkit-animation-name: barHide1;
  animation-name: barHide1;
  -webkit-animation-duration: 0.3s;
  animation-duration: 0.3s;
  animation-fill-mode: forwards; }

.sl-push-bar-2-animation-show {
  -webkit-animation-name: barShow2;
  animation-name: barShow2;
  -webkit-animation-duration: 0.3s;
  animation-duration: 0.3s;
  animation-fill-mode: forwards; }

.sl-push-bar-2-animation-hide {
  -webkit-animation-name: barHide2;
  animation-name: barHide2;
  -webkit-animation-duration: 0.3s;
  animation-duration: 0.3s;
  animation-fill-mode: forwards; }

.sl-push-bar-3-animation-show {
  -webkit-animation-name: barShow3;
  animation-name: barShow3;
  -webkit-animation-duration: 0.3s;
  animation-duration: 0.3s;
  animation-fill-mode: forwards; }

.sl-push-bar-3-animation-hide {
  -webkit-animation-name: barHide3;
  animation-name: barHide3;
  -webkit-animation-duration: 0.3s;
  animation-duration: 0.3s;
  animation-fill-mode: forwards; }

.sl-push-bar-4-animation-show {
  -webkit-animation-name: barShow4;
  animation-name: barShow4;
  -webkit-animation-duration: 0.3s;
  animation-duration: 0.3s;
  animation-fill-mode: forwards; }

.sl-push-bar-4-animation-hide {
  -webkit-animation-name: barHide4;
  animation-name: barHide4;
  -webkit-animation-duration: 0.3s;
  animation-duration: 0.3s;
  animation-fill-mode: forwards; }

.sl-push-bar-5-animation-show {
  -webkit-animation-name: barShow5;
  animation-name: barShow5;
  -webkit-animation-duration: 0.3s;
  animation-duration: 0.3s;
  animation-fill-mode: forwards; }

.sl-push-bar-5-animation-hide {
  -webkit-animation-name: barHide5;
  animation-name: barHide5;
  -webkit-animation-duration: 0.3s;
  animation-duration: 0.3s;
  animation-fill-mode: forwards; }

.sl-push-bar-6-animation-show {
  -webkit-animation-name: barShow6;
  animation-name: barShow6;
  -webkit-animation-duration: 0.3s;
  animation-duration: 0.3s;
  animation-fill-mode: forwards; }

.sl-push-bar-6-animation-hide {
  -webkit-animation-name: barHide6;
  animation-name: barHide6;
  -webkit-animation-duration: 0.3s;
  animation-duration: 0.3s;
  animation-fill-mode: forwards; }

/* Push effect animations */
@keyframes barShow1 {
  from {
    padding-top: 0; }
  to {
    padding-top: 200px; } }

@-webkit-keyframes barShow1 {
  from {
    padding-top: 0; }
  to {
    padding-top: 200px; } }

@keyframes barHide1 {
  from {
    padding-top: 200px; }
  to {
    padding-top: 0; } }

@-webkit-keyframes barHide1 {
  from {
    padding-top: 200px; }
  to {
    padding-top: 0; } }

@keyframes barShow2 {
  from {
    padding-top: 0; }
  to {
    padding-top: 90px; } }

@-webkit-keyframes barShow2 {
  from {
    padding-top: 0; }
  to {
    padding-top: 90px; } }

@keyframes barHide2 {
  from {
    padding-top: 90px; }
  to {
    padding-top: 0; } }

@-webkit-keyframes barHide2 {
  from {
    padding-top: 90px; }
  to {
    padding-top: 0; } }

@keyframes barShow3 {
  from {
    padding-top: 0; }
  to {
    padding-top: 110px; } }

@-webkit-keyframes barShow3 {
  from {
    padding-top: 0; }
  to {
    padding-top: 110px; } }

@keyframes barHide3 {
  from {
    padding-top: 110px; }
  to {
    padding-top: 0; } }

@-webkit-keyframes barHide3 {
  from {
    padding-top: 110px; }
  to {
    padding-top: 0; } }

@keyframes barShow4 {
  from {
    padding-top: 0; }
  to {
    padding-top: 130px; } }

@-webkit-keyframes barShow4 {
  from {
    padding-top: 0; }
  to {
    padding-top: 130px; } }

@keyframes barHide4 {
  from {
    padding-top: 130px; }
  to {
    padding-top: 0; } }

@-webkit-keyframes barHide4 {
  from {
    padding-top: 130px; }
  to {
    padding-top: 0; } }

@keyframes barShow5 {
  from {
    padding-top: 0; }
  to {
    padding-top: 150px; } }

@-webkit-keyframes barShow5 {
  from {
    padding-top: 0; }
  to {
    padding-top: 150px; } }

@keyframes barHide5 {
  from {
    padding-top: 150px; }
  to {
    padding-top: 0; } }

@-webkit-keyframes barHide5 {
  from {
    padding-top: 150px; }
  to {
    padding-top: 0; } }

@keyframes barShow6 {
  from {
    padding-top: 0; }
  to {
    padding-top: 170px; } }

@-webkit-keyframes barShow6 {
  from {
    padding-top: 0; }
  to {
    padding-top: 170px; } }

@keyframes barHide6 {
  from {
    padding-top: 170px; }
  to {
    padding-top: 0; } }

@-webkit-keyframes barHide6 {
  from {
    padding-top: 170px; }
  to {
    padding-top: 0; } }

.sl-video-container {
  width: 100%;
  height: 100%;
  border: none;
  box-sizing: border-box;
  position: fixed;
  top: 0;
  left: 0;
  z-index: 9999999999; }

@keyframes showShading {
  from {
    opacity: 0; }
  to {
    opacity: 1; } }

@-webkit-keyframes showShading {
  from {
    opacity: 0; }
  to {
    opacity: 1; } }

@keyframes hideShading {
  from {
    opacity: 1; }
  to {
    opacity: 0; } }

@-webkit-keyframes hideShading {
  from {
    opacity: 1; }
  to {
    opacity: 0; } }

.sl-dev-label {
  position: fixed;
  bottom: 0;
  right: 0;
  font-family: Arial, sans-serif;
  font-size: 14px;
  padding: 4px;
  background-color: rgba(255, 82, 0, 0.87);
  border-top-left-radius: 4px;
  color: #FFF; }

.sl-active-node-hand {
  cursor: pointer; }

#slContainer {
  position: absolute !important;
  width: 100% !important;
  left: 0 !important;
  top: 0 !important;
  box-sizing: border-box;
  border: none;
  z-index: 999999999; }
  #slContainer .sl-views-wrapper {
    z-index: 999999999;
    position: absolute !important;
    width: 100% !important;
    height: 0;
    left: 0 !important;
    top: 0 !important;
    box-sizing: border-box;
    border: none; }
    #slContainer .sl-views-wrapper .sl-frame-component {
      top: 0;
      left: 0;
      right: 0;
      bottom: 0;
      margin: auto;
      position: fixed;
      z-index: 999999999999;
      resize: none;
      overflow: visible;
      max-width: none;
      max-height: none;
      border-radius: 0;
      opacity: 0;
      display: none;
      border: none;
      width: 0;
      height: 0; }
      #slContainer .sl-views-wrapper .sl-frame-component.sl-shade-show .sl-item-background-shade {
        display: block;
        -webkit-animation-name: showShading;
        animation-name: showShading;
        -webkit-animation-duration: 0.5s;
        animation-duration: 0.5s;
        animation-fill-mode: forwards; }
      #slContainer .sl-views-wrapper .sl-frame-component.sl-shade-hide .sl-item-background-shade {
        display: block;
        -webkit-animation-name: hideShading;
        animation-name: hideShading;
        -webkit-animation-duration: 0.5s;
        animation-duration: 0.5s;
        animation-fill-mode: forwards; }
      #slContainer .sl-views-wrapper .sl-frame-component .sl-item-background-shade {
        display: none;
        position: fixed;
        top: 0;
        left: 0;
        width: 100%;
        height: 100%;
        background-color: rgba(0, 0, 0, 0.35); }
      #slContainer .sl-views-wrapper .sl-frame-component .sl-frame {
        display: block;
        position: relative;
        opacity: 1;
        width: 100%;
        height: 100%;
        border: none;
        z-index: 1;
        margin: 0;
        padding: 0;
        max-width: 100%;
        max-height: 100%;
        min-height: unset;
        min-width: unset; }

/* POPUP SHOW */
@keyframes showPopup {
  from {
    opacity: 0;
    -webkit-transform: scale(0.7);
    -moz-transform: scale(0.7);
    -o-transform: scale(0.7);
    transform: scale(0.7);
    -webkit-transform-origin: top bottom;
    -moz-transform-origin: top bottom;
    -o-transform-origin: top bottom;
    transform-origin: top bottom; }
  to {
    opacity: 1;
    -webkit-transform: scale(1);
    -moz-transform: scale(1);
    -o-transform: scale(1);
    transform: scale(1);
    -webkit-transform-origin: top bottom;
    -moz-transform-origin: top bottom;
    -o-transform-origin: top bottom;
    transform-origin: top bottom; } }

@-webkit-keyframes showPopup {
  from {
    opacity: 0;
    -webkit-transform: scale(0.7);
    -moz-transform: scale(0.7);
    -o-transform: scale(0.7);
    transform: scale(0.7);
    -webkit-transform-origin: top bottom;
    -moz-transform-origin: top bottom;
    -o-transform-origin: top bottom;
    transform-origin: top bottom; }
  to {
    opacity: 1;
    -webkit-transform: scale(1);
    -moz-transform: scale(1);
    -o-transform: scale(1);
    transform: scale(1);
    -webkit-transform-origin: top bottom;
    -moz-transform-origin: top bottom;
    -o-transform-origin: top bottom;
    transform-origin: top bottom; } }

@keyframes hidePopup {
  from {
    -webkit-transform: scale(1);
    -moz-transform: scale(1);
    -o-transform: scale(1);
    transform: scale(1);
    -webkit-transform-origin: top bottom;
    -moz-transform-origin: top bottom;
    -o-transform-origin: top bottom;
    transform-origin: top bottom;
    opacity: 1; }
  to {
    -webkit-transform: scale(0.6);
    -moz-transform: scale(0.6);
    -o-transform: scale(0.6);
    transform: scale(0.6);
    -webkit-transform-origin: top bottom;
    -moz-transform-origin: top bottom;
    -o-transform-origin: top bottom;
    transform-origin: top bottom;
    opacity: 0; } }

@-webkit-keyframes hidePopup {
  from {
    -webkit-transform: scale(1);
    -moz-transform: scale(1);
    -o-transform: scale(1);
    transform: scale(1);
    -webkit-transform-origin: top bottom;
    -moz-transform-origin: top bottom;
    -o-transform-origin: top bottom;
    transform-origin: top bottom;
    opacity: 1; }
  to {
    -webkit-transform: scale(0.6);
    -moz-transform: scale(0.6);
    -o-transform: scale(0.6);
    transform: scale(0.6);
    -webkit-transform-origin: top bottom;
    -moz-transform-origin: top bottom;
    -o-transform-origin: top bottom;
    transform-origin: top bottom;
    opacity: 0; } }

/* Mobile styles */
@media (max-width: 450px) {
  #slContainer .sl-views-wrapper .sl-popup {
    top: 0;
    right: 0;
    margin: auto;
    border: none;
    opacity: 1;
    resize: none;
    position: fixed;
    display: block;
    overflow: auto;
    max-width: none;
    max-height: none;
    min-height: 100%;
    z-index: 9999999999999;
    width: 100% !important;
    height: 100% !important;
    box-shadow: rgba(0, 0, 0, 0.15) 0 0 15px 3px;
    -webkit-overflow-scrolling: touch !important;
    overflow-y: scroll !important; }
    #slContainer .sl-views-wrapper .sl-popup .sl-frame {
      display: block;
      position: static;
      opacity: 1;
      width: 100%;
      height: 100%;
      border: none; }
    #slContainer .sl-views-wrapper .sl-popup .sl-item-background-shade {
      z-index: -1; } }

#slContainer .sl-views-wrapper
.sl-frame-component.sl-popup {
  display: block;
  opacity: 1; }
  #slContainer .sl-views-wrapper
.sl-frame-component.sl-popup.sl-show-animation .sl-frame {
    -webkit-animation-name: showPopup;
    animation-name: showPopup;
    -webkit-animation-duration: 0.3s;
    animation-duration: 0.3s;
    animation-fill-mode: forwards; }
  #slContainer .sl-views-wrapper
.sl-frame-component.sl-popup.sl-hide-animation .sl-frame {
    -webkit-animation-name: hidePopup;
    animation-name: hidePopup;
    -webkit-animation-duration: 0.3s;
    animation-duration: 0.3s;
    animation-fill-mode: forwards; }

@keyframes showNotification {
  from {
    right: -500px; }
  to {
    right: 0px; } }

@-webkit-keyframes showNotification {
  from {
    right: -500px; }
  to {
    right: 0px; } }

@keyframes hideNotification {
  from {
    right: 0px; }
  to {
    right: -500px; } }

@-webkit-keyframes hideNotification {
  from {
    right: 0px; }
  to {
    right: -500px; } }

#slContainer .sl-views-wrapper
.sl-frame-component.sl-notification {
  display: block;
  opacity: 1;
  left: auto;
  width: 100%; }
  #slContainer .sl-views-wrapper
.sl-frame-component.sl-notification.sl-position-top {
    top: 0;
    bottom: auto; }
  #slContainer .sl-views-wrapper
.sl-frame-component.sl-notification.sl-position-bottom {
    top: auto;
    bottom: 0; }
  #slContainer .sl-views-wrapper
.sl-frame-component.sl-notification.sl-show-animation {
    -webkit-animation-name: showNotification;
    animation-name: showNotification;
    -webkit-animation-duration: 0.3s;
    animation-duration: 0.3s;
    animation-fill-mode: forwards; }
  #slContainer .sl-views-wrapper
.sl-frame-component.sl-notification.sl-hide-animation {
    -webkit-animation-name: hideNotification;
    animation-name: hideNotification;
    -webkit-animation-duration: 0.4s;
    animation-duration: 0.4s;
    animation-fill-mode: forwards; }

@keyframes showSlideoutRight {
  from {
    right: -700px; }
  to {
    right: 0; } }

@-webkit-keyframes showSlideoutRight {
  from {
    right: -700px; }
  to {
    right: 0; } }

@keyframes showSlideoutLeft {
  from {
    left: -700px; }
  to {
    left: 0; } }

@-webkit-keyframes showSlideoutLeft {
  from {
    left: -700px; }
  to {
    left: 0; } }

/* SLIDEOUT HIDE */
@keyframes hideSlideoutRight {
  from {
    right: 0; }
  to {
    right: -700px; } }

@-webkit-keyframes hideSlideoutRight {
  from {
    right: 0; }
  to {
    right: -700px; } }

@keyframes hideSlideoutLeft {
  from {
    left: 0; }
  to {
    left: -700px; } }

@-webkit-keyframes hideSlideoutLeft {
  from {
    left: 0; }
  to {
    left: -700px; } }

@media (max-width: 450px) {
  .sl-slideout {
    width: 100% !important;
    -webkit-overflow-scrolling: touch !important;
    overflow-y: scroll !important;
    min-height: 100%;
    max-width: none;
    box-shadow: none; }
    .sl-slideout .sl-frame {
      box-shadow: 0 0 15px 3px rgba(0, 0, 0, 0.15); }
    .sl-slideout.sl-position-left {
      padding-right: 20px;
      box-sizing: border-box; }
    .sl-slideout.sl-position-right {
      padding-left: 20px;
      box-sizing: border-box; } }

#slContainer .sl-views-wrapper
.sl-frame-component.sl-slideout {
  box-shadow: 0 0 15px 3px rgba(0, 0, 0, 0.15);
  display: block;
  opacity: 1; }
  #slContainer .sl-views-wrapper
.sl-frame-component.sl-slideout.sl-position-left {
    right: auto; }
    #slContainer .sl-views-wrapper
.sl-frame-component.sl-slideout.sl-position-left.sl-show-animation {
      -webkit-animation-name: showSlideoutLeft;
      animation-name: showSlideoutLeft;
      -webkit-animation-duration: 0.3s;
      animation-duration: 0.3s;
      animation-fill-mode: forwards; }
    #slContainer .sl-views-wrapper
.sl-frame-component.sl-slideout.sl-position-left.sl-hide-animation {
      -webkit-animation-name: hideSlideoutLeft;
      animation-name: hideSlideoutLeft;
      -webkit-animation-duration: 0.4s;
      animation-duration: 0.4s;
      animation-fill-mode: forwards; }
  #slContainer .sl-views-wrapper
.sl-frame-component.sl-slideout.sl-position-right {
    left: auto; }
    #slContainer .sl-views-wrapper
.sl-frame-component.sl-slideout.sl-position-right.sl-show-animation {
      -webkit-animation-name: showSlideoutRight;
      animation-name: showSlideoutRight;
      -webkit-animation-duration: 0.3s;
      animation-duration: 0.3s;
      animation-fill-mode: forwards; }
    #slContainer .sl-views-wrapper
.sl-frame-component.sl-slideout.sl-position-right.sl-hide-animation {
      -webkit-animation-name: hideSlideoutRight;
      animation-name: hideSlideoutRight;
      -webkit-animation-duration: 0.4s;
      animation-duration: 0.4s;
      animation-fill-mode: forwards; }

@keyframes showBannerTop {
  from {
    top: -200px; }
  to {
    top: 0; } }

@-webkit-keyframes showBannerTop {
  from {
    top: -200px; }
  to {
    top: 0; } }

@keyframes showBannerBottom {
  from {
    bottom: -200px; }
  to {
    bottom: 0; } }

@-webkit-keyframes showBannerBottom {
  from {
    bottom: -200px; }
  to {
    bottom: 0; } }

@keyframes hideBannerTop {
  from {
    top: 0; }
  to {
    top: -200px; } }

@-webkit-keyframes hideBannerTop {
  from {
    top: 0; }
  to {
    top: -200px; } }

@keyframes hideBannerBottom {
  from {
    bottom: 0; }
  to {
    bottom: -200px; } }

@-webkit-keyframes hideBannerBottom {
  from {
    bottom: 0; }
  to {
    bottom: -200px; } }

@keyframes mobileShowBannerTop {
  from {
    top: -100%; }
  to {
    top: 0; } }

@-webkit-keyframes mobileShowBannerTop {
  from {
    top: -100%; }
  to {
    top: 0; } }

@keyframes mobileShowBannerBottom {
  from {
    bottom: -100%; }
  to {
    bottom: 0; } }

@-webkit-keyframes mobileShowBannerBottom {
  from {
    bottom: -100%; }
  to {
    bottom: 0; } }

@keyframes mobileHideBannerTop {
  from {
    top: 0; }
  to {
    top: -100%; } }

@-webkit-keyframes mobileHideBannerTop {
  from {
    top: 0; }
  to {
    top: -100%; } }

@keyframes mobileHideBannerBottom {
  from {
    bottom: 0; }
  to {
    bottom: -100%; } }

@-webkit-keyframes mobileHideBannerBottom {
  from {
    bottom: 0; }
  to {
    bottom: -100%; } }

#slContainer .sl-views-wrapper
.sl-frame-component.sl-banner {
  height: 100%;
  display: block;
  opacity: 1; }
  #slContainer .sl-views-wrapper
.sl-frame-component.sl-banner.sl-position-top {
    top: 0;
    bottom: auto; }
    #slContainer .sl-views-wrapper
.sl-frame-component.sl-banner.sl-position-top.sl-push-show {
      position: absolute; }
    #slContainer .sl-views-wrapper
.sl-frame-component.sl-banner.sl-position-top.sl-show-animation {
      -webkit-animation-name: showBannerTop;
      animation-name: showBannerTop;
      -webkit-animation-duration: 0.3s;
      animation-duration: 0.3s;
      animation-fill-mode: forwards; }
    #slContainer .sl-views-wrapper
.sl-frame-component.sl-banner.sl-position-top.sl-hide-animation {
      -webkit-animation-name: hideBannerTop;
      animation-name: hideBannerTop;
      -webkit-animation-duration: 0.3s;
      animation-duration: 0.3s;
      animation-fill-mode: forwards; }
  #slContainer .sl-views-wrapper
.sl-frame-component.sl-banner.sl-position-bottom {
    top: auto;
    bottom: 0; }
    #slContainer .sl-views-wrapper
.sl-frame-component.sl-banner.sl-position-bottom.sl-show-animation {
      -webkit-animation-name: showBannerBottom;
      animation-name: showBannerBottom;
      -webkit-animation-duration: 0.3s;
      animation-duration: 0.3s;
      animation-fill-mode: forwards; }
    #slContainer .sl-views-wrapper
.sl-frame-component.sl-banner.sl-position-bottom.sl-hide-animation {
      -webkit-animation-name: hideBannerBottom;
      animation-name: hideBannerBottom;
      -webkit-animation-duration: 0.3s;
      animation-duration: 0.3s;
      animation-fill-mode: forwards; }

#slContainer.sl-container-mobile .sl-frame-component.sl-banner.sl-position-top.sl-push-show {
  position: absolute; }

#slContainer.sl-container-mobile .sl-frame-component.sl-banner.sl-position-top.sl-show-animation {
  -webkit-animation-name: mobileShowBannerTop;
  animation-name: mobileShowBannerTop;
  -webkit-animation-duration: 0.3s;
  animation-duration: 0.3s;
  animation-fill-mode: forwards; }

#slContainer.sl-container-mobile .sl-frame-component.sl-banner.sl-position-top.sl-hide-animation {
  -webkit-animation-name: mobileHideBannerTop;
  animation-name: mobileHideBannerTop;
  -webkit-animation-duration: 0.3s;
  animation-duration: 0.3s;
  animation-fill-mode: forwards; }

#slContainer.sl-container-mobile .sl-frame-component.sl-banner.sl-position-bottom {
  top: auto;
  bottom: 0; }
  #slContainer.sl-container-mobile .sl-frame-component.sl-banner.sl-position-bottom.sl-show-animation {
    -webkit-animation-name: mobileShowBannerBottom;
    animation-name: mobileShowBannerBottom;
    -webkit-animation-duration: 0.3s;
    animation-duration: 0.3s;
    animation-fill-mode: forwards; }
  #slContainer.sl-container-mobile .sl-frame-component.sl-banner.sl-position-bottom.sl-hide-animation {
    -webkit-animation-name: mobileHideBannerBottom;
    animation-name: mobileHideBannerBottom;
    -webkit-animation-duration: 0.3s;
    animation-duration: 0.3s;
    animation-fill-mode: forwards; }

@keyframes showBarTop {
  from {
    top: -700px; }
  to {
    top: 0; } }

@-webkit-keyframes showBarTop {
  from {
    top: -700px; }
  to {
    top: 0; } }

@keyframes showBarBottom {
  from {
    bottom: -700px; }
  to {
    bottom: 0; } }

@-webkit-keyframes showBarBottom {
  from {
    bottom: -700px; }
  to {
    bottom: 0; } }

@keyframes hideBarTop {
  from {
    top: 0; }
  to {
    top: -700px; } }

@-webkit-keyframes hideBarTop {
  from {
    top: 0; }
  to {
    top: -700px; } }

@keyframes hideBarBottom {
  from {
    bottom: 0; }
  to {
    bottom: -700px; } }

@-webkit-keyframes hideBarBottom {
  from {
    bottom: 0; }
  to {
    bottom: -700px; } }

@media (max-width: 600px) {
  #slContainer .sl-views-wrapper
.sl-frame-component.sl-bar {
    top: 0;
    right: 0;
    margin: auto;
    border: none;
    opacity: 1;
    resize: none;
    position: fixed;
    display: block;
    overflow: auto;
    max-width: none;
    max-height: none;
    min-height: 80%;
    z-index: 9999999999999;
    width: 100% !important;
    height: 80% !important;
    box-shadow: rgba(0, 0, 0, 0.15) 0 0 15px 3px;
    -webkit-overflow-scrolling: touch !important;
    overflow-y: scroll !important; }
    #slContainer .sl-views-wrapper
.sl-frame-component.sl-bar .sl-frame {
      display: block;
      position: static;
      opacity: 1;
      width: 100%;
      height: 100%;
      border: none; }
    #slContainer .sl-views-wrapper
.sl-frame-component.sl-bar .sl-item-background-shade {
      z-index: -1; } }

@media (max-width: 600px) and (max-height: 500px) {
  #slContainer .sl-views-wrapper
.sl-frame-component.sl-bar {
    top: 0;
    right: 0;
    margin: auto;
    border: none;
    opacity: 1;
    resize: none;
    position: fixed;
    display: block;
    overflow: auto;
    max-width: none;
    max-height: none;
    min-height: 100%;
    z-index: 9999999999999;
    width: 100% !important;
    height: 100% !important;
    box-shadow: rgba(0, 0, 0, 0.15) 0 0 15px 3px;
    -webkit-overflow-scrolling: touch !important;
    overflow-y: scroll !important; }
    #slContainer .sl-views-wrapper
.sl-frame-component.sl-bar .sl-frame {
      display: block;
      position: static;
      opacity: 1;
      width: 100%;
      height: 100%;
      border: none; } }

#slContainer .sl-views-wrapper
.sl-frame-component.sl-bar {
  display: block;
  opacity: 1;
  box-shadow: 0 0 15px 3px rgba(0, 0, 0, 0.15); }
  #slContainer .sl-views-wrapper
.sl-frame-component.sl-bar.sl-position-top {
    top: 0;
    bottom: auto; }
    #slContainer .sl-views-wrapper
.sl-frame-component.sl-bar.sl-position-top.sl-push-show {
      position: absolute; }
    #slContainer .sl-views-wrapper
.sl-frame-component.sl-bar.sl-position-top.sl-show-animation {
      -webkit-animation-name: showBarTop;
      animation-name: showBarTop;
      -webkit-animation-duration: 0.3s;
      animation-duration: 0.3s;
      animation-fill-mode: forwards; }
    #slContainer .sl-views-wrapper
.sl-frame-component.sl-bar.sl-position-top.sl-hide-animation {
      -webkit-animation-name: hideBarTop;
      animation-name: hideBarTop;
      -webkit-animation-duration: 0.4s;
      animation-duration: 0.4s;
      animation-fill-mode: forwards; }
  #slContainer .sl-views-wrapper
.sl-frame-component.sl-bar.sl-position-bottom {
    top: auto;
    bottom: 0; }
    #slContainer .sl-views-wrapper
.sl-frame-component.sl-bar.sl-position-bottom.sl-show-animation {
      -webkit-animation-name: showBarBottom;
      animation-name: showBarBottom;
      -webkit-animation-duration: 0.3s;
      animation-duration: 0.3s;
      animation-fill-mode: forwards; }
    #slContainer .sl-views-wrapper
.sl-frame-component.sl-bar.sl-position-bottom.sl-hide-animation {
      -webkit-animation-name: hideBarBottom;
      animation-name: hideBarBottom;
      -webkit-animation-duration: 0.4s;
      animation-duration: 0.4s;
      animation-fill-mode: forwards; }

@keyframes showIconAnimation {
  from {
    opacity: 0; }
  to {
    opacity: 1; } }

@-webkit-keyframes showIconAnimation {
  from {
    opacity: 0; }
  to {
    opacity: 1; } }

@keyframes showHotspotAnimationTop {
  from {
    opacity: 0;
    margin-top: -30px;
    display: none; }
  to {
    opacity: 1;
    margin-top: 0;
    display: block; } }

@-webkit-keyframes showHotspotAnimationTop {
  from {
    opacity: 0;
    margin-top: -30px;
    display: none; }
  to {
    opacity: 1;
    margin-top: 0;
    display: block; } }

@keyframes showHotspotAnimationBottom {
  from {
    opacity: 0;
    margin-top: 30px;
    display: none; }
  to {
    opacity: 1;
    margin-top: 0;
    display: block; } }

@-webkit-keyframes showHotspotAnimationBottom {
  from {
    opacity: 0;
    margin-top: 30px;
    display: none; }
  to {
    opacity: 1;
    margin-top: 0;
    display: block; } }

@keyframes hideHotspotAnimationTop {
  from {
    opacity: 1;
    margin-top: 0; }
  to {
    opacity: 0;
    margin-top: -30px; } }

@-webkit-keyframes hideHotspotAnimationTop {
  from {
    opacity: 1;
    margin-top: 0; }
  to {
    opacity: 0;
    margin-top: -30px; } }

@keyframes hideHotspotAnimationBottom {
  from {
    opacity: 1;
    margin-top: 0; }
  to {
    opacity: 0;
    margin-top: 30px; } }

@-webkit-keyframes hideHotspotAnimationBottom {
  from {
    opacity: 1;
    margin-top: 0; }
  to {
    opacity: 0;
    margin-top: 30px; } }

@media (max-width: 450px) {
  .sl-hotspot {
    position: fixed !important;
    top: 0 !important;
    left: 0 !important;
    right: 0 !important;
    bottom: 0 !important;
    margin: auto !important; }
  @keyframes showHotspotAnimationTop {
    from {
      opacity: 0;
      top: -30px;
      margin: auto !important;
      display: none; }
    to {
      opacity: 1;
      top: 0;
      display: block;
      margin: auto !important; } }
  @-webkit-keyframes showHotspotAnimationTop {
    from {
      opacity: 0;
      top: -30px;
      display: none;
      margin: auto !important; }
    to {
      opacity: 1;
      top: 0;
      display: block;
      margin: auto !important; } }
  @keyframes showHotspotAnimationBottom {
    from {
      opacity: 0;
      top: 30px;
      margin: auto !important;
      display: none; }
    to {
      opacity: 1;
      top: 0;
      margin: auto !important;
      display: block; } }
  @-webkit-keyframes showHotspotAnimationBottom {
    from {
      opacity: 0;
      top: 30px;
      display: none;
      margin: auto !important; }
    to {
      opacity: 1;
      margin: auto !important;
      top: 0;
      display: block; } }
  @keyframes hideHotspotAnimationTop {
    from {
      opacity: 1;
      top: 0;
      margin: auto !important; }
    to {
      opacity: 0;
      top: -30px;
      margin: auto !important; } }
  @-webkit-keyframes hideHotspotAnimationTop {
    from {
      opacity: 1;
      margin: auto !important;
      top: 0; }
    to {
      opacity: 0;
      top: -30px;
      margin: auto !important; } }
  @keyframes hideHotspotAnimationBottom {
    from {
      opacity: 1;
      top: 0;
      margin: auto !important; }
    to {
      opacity: 0;
      top: 30px;
      margin: auto !important; } }
  @-webkit-keyframes hideHotspotAnimationBottom {
    from {
      opacity: 1;
      top: 0;
      margin: auto !important; }
    to {
      opacity: 0;
      top: 30px;
      margin: auto !important; } } }

/* Hotspot Icon */
.sl-hp-icon-container {
  width: 0;
  height: 0;
  padding: 0;
  margin: 0;
  position: relative;
  display: block;
  float: left; }
  .sl-hp-icon-container .sl-hp-frame {
    position: absolute;
    margin: auto;
    z-index: 0;
    border: none;
    resize: none;
    overflow: auto;
    box-shadow: none;
    background: transparent;
    opacity: 0;
    display: block;
    border-radius: 4px;
    max-width: none;
    max-height: none;
    width: 12px;
    height: 12px;
    min-width: 16px;
    min-height: 16px;
    -webkit-animation-name: showIconAnimation;
    animation-name: showIconAnimation;
    -webkit-animation-duration: 0.1s;
    animation-duration: 0.1s;
    animation-fill-mode: forwards; }

#slContainer .sl-views-wrapper
.sl-frame-component.sl-hotspot {
  display: block;
  opacity: 1;
  left: auto;
  right: auto;
  bottom: auto;
  top: auto;
  position: absolute;
  border-radius: 4px;
  box-shadow: 0 0 15px 3px rgba(0, 0, 0, 0.15); }
  #slContainer .sl-views-wrapper
.sl-frame-component.sl-hotspot.sl-position-right-bottom, #slContainer .sl-views-wrapper
.sl-frame-component.sl-hotspot.sl-position-left-bottom {
    top: 0;
    bottom: auto; }
    #slContainer .sl-views-wrapper
.sl-frame-component.sl-hotspot.sl-position-right-bottom.sl-show-animation, #slContainer .sl-views-wrapper
.sl-frame-component.sl-hotspot.sl-position-left-bottom.sl-show-animation {
      -webkit-animation-name: showHotspotAnimationBottom;
      animation-name: showHotspotAnimationBottom;
      -webkit-animation-duration: 0.3s;
      animation-duration: 0.3s;
      animation-fill-mode: forwards; }
    #slContainer .sl-views-wrapper
.sl-frame-component.sl-hotspot.sl-position-right-bottom.sl-hide-animation, #slContainer .sl-views-wrapper
.sl-frame-component.sl-hotspot.sl-position-left-bottom.sl-hide-animation {
      -webkit-animation-name: hideHotspotAnimationBottom;
      animation-name: hideHotspotAnimationBottom;
      -webkit-animation-duration: 0.4s;
      animation-duration: 0.4s;
      animation-fill-mode: forwards; }
  #slContainer .sl-views-wrapper
.sl-frame-component.sl-hotspot.sl-position-right-top, #slContainer .sl-views-wrapper
.sl-frame-component.sl-hotspot.sl-position-left-top {
    top: auto;
    bottom: 0; }
    #slContainer .sl-views-wrapper
.sl-frame-component.sl-hotspot.sl-position-right-top.sl-show-animation, #slContainer .sl-views-wrapper
.sl-frame-component.sl-hotspot.sl-position-left-top.sl-show-animation {
      -webkit-animation-name: showHotspotAnimationTop;
      animation-name: showHotspotAnimationTop;
      -webkit-animation-duration: 0.3s;
      animation-duration: 0.3s;
      animation-fill-mode: forwards; }
    #slContainer .sl-views-wrapper
.sl-frame-component.sl-hotspot.sl-position-right-top.sl-hide-animation, #slContainer .sl-views-wrapper
.sl-frame-component.sl-hotspot.sl-position-left-top.sl-hide-animation {
      -webkit-animation-name: hideHotspotAnimationTop;
      animation-name: hideHotspotAnimationTop;
      -webkit-animation-duration: 0.4s;
      animation-duration: 0.4s;
      animation-fill-mode: forwards; }

@keyframes showTooltipTop {
  from {
    opacity: 0;
    margin-top: -30px; }
  to {
    opacity: 1;
    margin-top: 0; } }

@-webkit-keyframes showTooltipTop {
  from {
    opacity: 0;
    margin-top: -30px; }
  to {
    opacity: 1;
    margin-top: 0; } }

@keyframes showTooltipBottom {
  from {
    opacity: 0;
    margin-top: 30px; }
  to {
    opacity: 1;
    margin-top: 0; } }

@-webkit-keyframes showTooltipBottom {
  from {
    opacity: 0;
    margin-top: 30px; }
  to {
    opacity: 1;
    margin-top: 0; } }

@keyframes showTooltipLeft {
  from {
    opacity: 0;
    margin-left: -30px; }
  to {
    opacity: 1;
    margin-left: 0; } }

@-webkit-keyframes showTooltipLeft {
  from {
    opacity: 0;
    margin-left: -30px; }
  to {
    opacity: 1;
    margin-left: 0; } }

@keyframes showTooltipRight {
  from {
    opacity: 0;
    margin-left: 30px; }
  to {
    opacity: 1;
    margin-left: 0; } }

@-webkit-keyframes showTooltipRight {
  from {
    opacity: 0;
    margin-left: 30px; }
  to {
    opacity: 1;
    margin-left: 0; } }

@keyframes hideTooltipTop {
  from {
    opacity: 1;
    margin-top: 0px; }
  to {
    opacity: 0;
    margin-top: -30px; } }

@-webkit-keyframes hideTooltipTop {
  from {
    opacity: 1;
    margin-top: 0; }
  to {
    opacity: 0;
    margin-top: -30px; } }

@keyframes hideTooltipBottom {
  from {
    opacity: 1;
    margin-top: 0px; }
  to {
    opacity: 0;
    margin-top: 30px; } }

@-webkit-keyframes hideTooltipBottom {
  from {
    opacity: 1;
    margin-top: 0; }
  to {
    opacity: 0;
    margin-top: 30px; } }

@keyframes hideTooltipLeft {
  from {
    opacity: 1;
    margin-left: 0px; }
  to {
    opacity: 0;
    margin-left: -30px; } }

@-webkit-keyframes hideTooltipLeft {
  from {
    opacity: 1;
    margin-left: 0; }
  to {
    opacity: 0;
    margin-left: 30px; } }

@keyframes hideTooltipRight {
  from {
    opacity: 1;
    margin-left: 0px; }
  to {
    opacity: 0;
    margin-left: 30px; } }

@-webkit-keyframes hideTooltipRight {
  from {
    opacity: 1;
    margin-left: 0; }
  to {
    opacity: 0;
    margin-left: -30px; } }

@media (max-width: 450px) {
  .sl-tooltip {
    max-width: 100% !important;
    position: fixed !important;
    top: 0 !important;
    left: 0 !important;
    right: 0 !important;
    bottom: 0 !important;
    margin: auto !important; }
  /* Tooltip Animation for mobile */
  @keyframes showTooltipTop {
    from {
      opacity: 0;
      top: -30px;
      margin: auto; }
    to {
      opacity: 1;
      top: 0;
      margin: auto; } }
  @-webkit-keyframes showTooltipTop {
    from {
      opacity: 0;
      top: -30px;
      margin: auto; }
    to {
      opacity: 1;
      top: 0;
      margin: auto; } }
  @keyframes showTooltipBottom {
    from {
      opacity: 0;
      top: 30px;
      margin: auto; }
    to {
      opacity: 1;
      top: 0;
      margin: auto; } }
  @-webkit-keyframes showTooltipBottom {
    from {
      opacity: 0;
      top: 30px;
      margin: auto; }
    to {
      opacity: 1;
      top: 0;
      margin: auto; } }
  @keyframes showTooltipLeft {
    from {
      opacity: 0;
      left: -30px;
      margin: auto; }
    to {
      opacity: 1;
      left: 0;
      margin: auto; } }
  @-webkit-keyframes showTooltipLeft {
    from {
      opacity: 0;
      left: -30px;
      margin: auto; }
    to {
      opacity: 1;
      left: 0;
      margin: auto; } }
  @keyframes showTooltipRight {
    from {
      opacity: 0;
      left: 30px;
      margin: auto; }
    to {
      opacity: 1;
      left: 0;
      margin: auto; } }
  @-webkit-keyframes showTooltipRight {
    from {
      opacity: 0;
      left: 30px;
      margin: auto; }
    to {
      opacity: 1;
      left: 0;
      margin: auto; } }
  /* HIDE TOOLTIP ANIMATION */
  @keyframes showTooltipRight {
    from {
      opacity: 0;
      left: 30px;
      margin: auto; }
    to {
      opacity: 1;
      left: 0;
      margin: auto; } }
  @-webkit-keyframes showTooltipRight {
    from {
      opacity: 0;
      left: 30px;
      margin: auto; }
    to {
      opacity: 1;
      left: 0;
      margin: auto; } }
  /* TOOLTIP HIDE ANIMATIONS */
  @keyframes hideTooltipTop {
    from {
      opacity: 1;
      top: 0px;
      margin: auto; }
    to {
      opacity: 0;
      top: -30px;
      margin: auto; } }
  @-webkit-keyframes hideTooltipTop {
    from {
      opacity: 1;
      top: 0;
      margin: auto; }
    to {
      opacity: 0;
      top: -30px;
      margin: auto; } }
  @keyframes hideTooltipBottom {
    from {
      opacity: 1;
      top: 0px;
      margin: auto; }
    to {
      opacity: 0;
      top: 30px;
      margin: auto; } }
  @-webkit-keyframes hideTooltipBottom {
    from {
      opacity: 1;
      top: 0;
      margin: auto; }
    to {
      opacity: 0;
      top: 30px;
      margin: auto; } }
  @keyframes hideTooltipLeft {
    from {
      opacity: 1;
      left: 0px;
      margin: auto; }
    to {
      opacity: 0;
      left: -30px;
      margin: auto; } }
  @-webkit-keyframes hideTooltipLeft {
    from {
      opacity: 1;
      left: 0;
      margin: auto; }
    to {
      opacity: 0;
      left: 30px;
      margin: auto; } }
  @keyframes hideTooltipRight {
    from {
      opacity: 1;
      left: 0px;
      margin: auto; }
    to {
      opacity: 0;
      left: 30px;
      margin: auto; } }
  @-webkit-keyframes hideTooltipRight {
    from {
      opacity: 1;
      left: 0;
      margin: auto; }
    to {
      opacity: 0;
      left: -30px;
      margin: auto; } } }

#slContainer .sl-views-wrapper
.sl-frame-component.sl-tooltip {
  display: block;
  opacity: 1;
  left: auto;
  right: auto;
  bottom: auto;
  top: auto;
  position: absolute;
  border-radius: 4px; }
  #slContainer .sl-views-wrapper
.sl-frame-component.sl-tooltip.sl-position-top.sl-show-animation {
    -webkit-animation-name: showTooltipTop;
    animation-name: showTooltipTop;
    -webkit-animation-duration: 0.2s;
    animation-duration: 0.2s;
    animation-fill-mode: forwards; }
  #slContainer .sl-views-wrapper
.sl-frame-component.sl-tooltip.sl-position-top.sl-hide-animation {
    -webkit-animation-name: hideTooltipTop;
    animation-name: hideTooltipTop;
    -webkit-animation-duration: 0.2s;
    animation-duration: 0.2s;
    animation-fill-mode: forwards; }
  #slContainer .sl-views-wrapper
.sl-frame-component.sl-tooltip.sl-position-bottom.sl-show-animation {
    -webkit-animation-name: showTooltipBottom;
    animation-name: showTooltipBottom;
    -webkit-animation-duration: 0.2s;
    animation-duration: 0.2s;
    animation-fill-mode: forwards; }
  #slContainer .sl-views-wrapper
.sl-frame-component.sl-tooltip.sl-position-bottom.sl-hide-animation {
    -webkit-animation-name: hideTooltipBottom;
    animation-name: hideTooltipBottom;
    -webkit-animation-duration: 0.2s;
    animation-duration: 0.2s;
    animation-fill-mode: forwards; }
  #slContainer .sl-views-wrapper
.sl-frame-component.sl-tooltip.sl-position-left.sl-show-animation {
    -webkit-animation-name: showTooltipLeft;
    animation-name: showTooltipLeft;
    -webkit-animation-duration: 0.2s;
    animation-duration: 0.2s;
    animation-fill-mode: forwards; }
  #slContainer .sl-views-wrapper
.sl-frame-component.sl-tooltip.sl-position-left.sl-hide-animation {
    -webkit-animation-name: hideTooltipLeft;
    animation-name: hideTooltipLeft;
    -webkit-animation-duration: 0.2s;
    animation-duration: 0.2s;
    animation-fill-mode: forwards; }
  #slContainer .sl-views-wrapper
.sl-frame-component.sl-tooltip.sl-position-right.sl-show-animation {
    -webkit-animation-name: showTooltipRight;
    animation-name: showTooltipRight;
    -webkit-animation-duration: 0.2s;
    animation-duration: 0.2s;
    animation-fill-mode: forwards; }
  #slContainer .sl-views-wrapper
.sl-frame-component.sl-tooltip.sl-position-right.sl-hide-animation {
    -webkit-animation-name: hideTooltipRight;
    animation-name: hideTooltipRight;
    -webkit-animation-duration: 0.2s;
    animation-duration: 0.2s;
    animation-fill-mode: forwards; }

/* POPUP SHOW */
@keyframes showContainerFromLeft {
  from {
    left: -500px;
    opacity: 0; }
  to {
    left: 0px;
    opacity: 1; } }

@-webkit-keyframes showContainerFromLeft {
  from {
    left: -500px;
    opacity: 0; }
  to {
    left: 0px;
    opacity: 1; } }

@keyframes hideContainerFromLeft {
  from {
    left: 0px;
    opacity: 1; }
  to {
    left: -500px;
    opacity: 0; } }

@-webkit-keyframes hideContainerFromLeft {
  from {
    left: 0px;
    opacity: 1; }
  to {
    left: -500px;
    opacity: 0; } }

@keyframes showContainerFromRight {
  from {
    right: -500px;
    opacity: 0; }
  to {
    right: 0px;
    opacity: 1; } }

@-webkit-keyframes showContainerFromRight {
  from {
    right: -500px;
    opacity: 0; }
  to {
    right: 0px;
    opacity: 1; } }

@keyframes hideContainerFromRight {
  from {
    right: 0px;
    opacity: 1; }
  to {
    opacity: 0;
    right: -500px; } }

@-webkit-keyframes hideContainerFromRight {
  from {
    right: 0px;
    opacity: 1; }
  to {
    opacity: 0;
    right: -500px; } }

@keyframes showContainerFromTop {
  from {
    top: -500px;
    opacity: 0; }
  to {
    opacity: 1;
    top: 0px; } }

@-webkit-keyframes showContainerFromTop {
  from {
    top: -500px;
    opacity: 0; }
  to {
    opacity: 1;
    top: 0px; } }

@keyframes hideContainerFromTop {
  from {
    top: 0px;
    opacity: 1; }
  to {
    opacity: 0;
    top: -500px; } }

@-webkit-keyframes hideContainerFromTop {
  from {
    top: 0px;
    opacity: 1; }
  to {
    opacity: 0;
    top: -500px; } }

@keyframes showContainerFromBottom {
  from {
    bottom: -500px;
    opacity: 0; }
  to {
    opacity: 1;
    bottom: 0px; } }

@-webkit-keyframes showContainerFromBottom {
  from {
    bottom: -500px;
    opacity: 0; }
  to {
    opacity: 1;
    bottom: 0px; } }

@keyframes hideContainerFromBottom {
  from {
    bottom: 0px;
    opacity: 1; }
  to {
    opacity: 0;
    bottom: -500px; } }

@-webkit-keyframes hideContainerFromBottom {
  from {
    bottom: 0px;
    opacity: 1; }
  to {
    opacity: 0;
    bottom: -500px; } }

@keyframes showContainer {
  from {
    opacity: 0;
    -webkit-transform: scale(0.7);
    -moz-transform: scale(0.7);
    -o-transform: scale(0.7);
    transform: scale(0.7);
    -webkit-transform-origin: top bottom;
    -moz-transform-origin: top bottom;
    -o-transform-origin: top bottom;
    transform-origin: top bottom; }
  to {
    opacity: 1;
    -webkit-transform: scale(1);
    -moz-transform: scale(1);
    -o-transform: scale(1);
    transform: scale(1);
    -webkit-transform-origin: top bottom;
    -moz-transform-origin: top bottom;
    -o-transform-origin: top bottom;
    transform-origin: top bottom; } }

@-webkit-keyframes showContainer {
  from {
    opacity: 0;
    -webkit-transform: scale(0.7);
    -moz-transform: scale(0.7);
    -o-transform: scale(0.7);
    transform: scale(0.7);
    -webkit-transform-origin: top bottom;
    -moz-transform-origin: top bottom;
    -o-transform-origin: top bottom;
    transform-origin: top bottom; }
  to {
    opacity: 1;
    -webkit-transform: scale(1);
    -moz-transform: scale(1);
    -o-transform: scale(1);
    transform: scale(1);
    -webkit-transform-origin: top bottom;
    -moz-transform-origin: top bottom;
    -o-transform-origin: top bottom;
    transform-origin: top bottom; } }

@keyframes hideContainer {
  from {
    -webkit-transform: scale(1);
    -moz-transform: scale(1);
    -o-transform: scale(1);
    transform: scale(1);
    -webkit-transform-origin: top bottom;
    -moz-transform-origin: top bottom;
    -o-transform-origin: top bottom;
    transform-origin: top bottom;
    opacity: 1; }
  to {
    -webkit-transform: scale(0.6);
    -moz-transform: scale(0.6);
    -o-transform: scale(0.6);
    transform: scale(0.6);
    -webkit-transform-origin: top bottom;
    -moz-transform-origin: top bottom;
    -o-transform-origin: top bottom;
    transform-origin: top bottom;
    opacity: 0; } }

@-webkit-keyframes hideContainer {
  from {
    -webkit-transform: scale(1);
    -moz-transform: scale(1);
    -o-transform: scale(1);
    transform: scale(1);
    -webkit-transform-origin: top bottom;
    -moz-transform-origin: top bottom;
    -o-transform-origin: top bottom;
    transform-origin: top bottom;
    opacity: 1; }
  to {
    -webkit-transform: scale(0.6);
    -moz-transform: scale(0.6);
    -o-transform: scale(0.6);
    transform: scale(0.6);
    -webkit-transform-origin: top bottom;
    -moz-transform-origin: top bottom;
    -o-transform-origin: top bottom;
    transform-origin: top bottom;
    opacity: 0; } }

@keyframes showContainerShadow {
  from {
    opacity: 0;
    position: fixed; }
  to {
    opacity: 1;
    position: fixed; } }

@-webkit-keyframes showContainerShadow {
  from {
    opacity: 0;
    position: fixed; }
  to {
    opacity: 1;
    position: fixed; } }

@keyframes hideContainerShadow {
  from {
    opacity: 1;
    position: fixed; }
  to {
    opacity: 0;
    position: fixed; } }

@-webkit-keyframes hideContainerShadow {
  from {
    opacity: 1;
    position: fixed; }
  to {
    opacity: 0;
    position: fixed; } }

#slContainer .sl-views-wrapper
.sl-frame-component.sl-container {
  background: transparent;
  width: 100%;
  height: 100%;
  display: block;
  opacity: 1;
  left: auto;
  margin: auto;
  right: auto;
  bottom: auto;
  top: auto;
  position: fixed;
  border-radius: 4px;
  overflow: visible; }
  #slContainer .sl-views-wrapper
.sl-frame-component.sl-container.sl-position-center-middle {
    left: 0;
    right: 0;
    bottom: 0;
    top: 0;
    position: fixed; }
    #slContainer .sl-views-wrapper
.sl-frame-component.sl-container.sl-position-center-middle.sl-show-animation {
      -webkit-animation-name: showContainer;
      animation-name: showContainer;
      -webkit-animation-duration: 0.3s;
      animation-duration: 0.3s;
      animation-fill-mode: forwards; }
      #slContainer .sl-views-wrapper
.sl-frame-component.sl-container.sl-position-center-middle.sl-show-animation .sl-item-background-shade {
        -webkit-animation-name: showContainerShadow;
        animation-name: showContainerShadow;
        -webkit-animation-duration: 0.4s;
        animation-duration: 0.4s;
        animation-fill-mode: forwards;
        -webkit-transform: scale(15, 5);
        -moz-transform: scale(15, 5);
        -o-transform: scale(15, 5);
        transform: scale(15, 5);
        -webkit-transform-origin: top bottom;
        -moz-transform-origin: top bottom;
        -o-transform-origin: top bottom;
        transform-origin: top bottom; }
    #slContainer .sl-views-wrapper
.sl-frame-component.sl-container.sl-position-center-middle.sl-hide-animation {
      -webkit-animation-name: hideContainer;
      animation-name: hideContainer;
      -webkit-animation-duration: 0.4s;
      animation-duration: 0.4s;
      animation-fill-mode: forwards; }
      #slContainer .sl-views-wrapper
.sl-frame-component.sl-container.sl-position-center-middle.sl-hide-animation .sl-item-background-shade {
        -webkit-animation-name: hideContainerShadow;
        animation-name: hideContainerShadow;
        -webkit-animation-duration: 0.4s;
        animation-duration: 0.4s;
        animation-fill-mode: forwards;
        -webkit-transform: scale(15, 5);
        -moz-transform: scale(15, 5);
        -o-transform: scale(15, 5);
        transform: scale(15, 5);
        -webkit-transform-origin: top bottom;
        -moz-transform-origin: top bottom;
        -o-transform-origin: top bottom;
        transform-origin: top bottom; }
  #slContainer .sl-views-wrapper
.sl-frame-component.sl-container.sl-position-left-middle {
    bottom: 0;
    top: 0; }
    #slContainer .sl-views-wrapper
.sl-frame-component.sl-container.sl-position-left-middle.sl-show-animation {
      -webkit-animation-name: showContainerFromLeft;
      animation-name: showContainerFromLeft;
      -webkit-animation-duration: 0.3s;
      animation-duration: 0.3s;
      animation-fill-mode: forwards; }
    #slContainer .sl-views-wrapper
.sl-frame-component.sl-container.sl-position-left-middle.sl-hide-animation {
      -webkit-animation-name: hideContainerFromLeft;
      animation-name: hideContainerFromLeft;
      -webkit-animation-duration: 0.4s;
      animation-duration: 0.4s;
      animation-fill-mode: forwards; }
  #slContainer .sl-views-wrapper
.sl-frame-component.sl-container.sl-position-left-top {
    top: 0; }
    #slContainer .sl-views-wrapper
.sl-frame-component.sl-container.sl-position-left-top.sl-show-animation {
      -webkit-animation-name: showContainerFromLeft;
      animation-name: showContainerFromLeft;
      -webkit-animation-duration: 0.3s;
      animation-duration: 0.3s;
      animation-fill-mode: forwards; }
    #slContainer .sl-views-wrapper
.sl-frame-component.sl-container.sl-position-left-top.sl-hide-animation {
      -webkit-animation-name: hideContainerFromLeft;
      animation-name: hideContainerFromLeft;
      -webkit-animation-duration: 0.4s;
      animation-duration: 0.4s;
      animation-fill-mode: forwards; }
  #slContainer .sl-views-wrapper
.sl-frame-component.sl-container.sl-position-left-bottom {
    bottom: 0; }
    #slContainer .sl-views-wrapper
.sl-frame-component.sl-container.sl-position-left-bottom.sl-show-animation {
      -webkit-animation-name: showContainerFromLeft;
      animation-name: showContainerFromLeft;
      -webkit-animation-duration: 0.3s;
      animation-duration: 0.3s;
      animation-fill-mode: forwards; }
    #slContainer .sl-views-wrapper
.sl-frame-component.sl-container.sl-position-left-bottom.sl-hide-animation {
      -webkit-animation-name: hideContainerFromLeft;
      animation-name: hideContainerFromLeft;
      -webkit-animation-duration: 0.4s;
      animation-duration: 0.4s;
      animation-fill-mode: forwards; }
  #slContainer .sl-views-wrapper
.sl-frame-component.sl-container.sl-position-right-middle {
    bottom: 0;
    top: 0; }
    #slContainer .sl-views-wrapper
.sl-frame-component.sl-container.sl-position-right-middle.sl-show-animation {
      -webkit-animation-name: showContainerFromRight;
      animation-name: showContainerFromRight;
      -webkit-animation-duration: 0.3s;
      animation-duration: 0.3s;
      animation-fill-mode: forwards; }
    #slContainer .sl-views-wrapper
.sl-frame-component.sl-container.sl-position-right-middle.sl-hide-animation {
      -webkit-animation-name: hideContainerFromRight;
      animation-name: hideContainerFromRight;
      -webkit-animation-duration: 0.4s;
      animation-duration: 0.4s;
      animation-fill-mode: forwards; }
  #slContainer .sl-views-wrapper
.sl-frame-component.sl-container.sl-position-right-top {
    top: 0; }
    #slContainer .sl-views-wrapper
.sl-frame-component.sl-container.sl-position-right-top.sl-show-animation {
      -webkit-animation-name: showContainerFromRight;
      animation-name: showContainerFromRight;
      -webkit-animation-duration: 0.3s;
      animation-duration: 0.3s;
      animation-fill-mode: forwards; }
    #slContainer .sl-views-wrapper
.sl-frame-component.sl-container.sl-position-right-top.sl-hide-animation {
      -webkit-animation-name: hideContainerFromRight;
      animation-name: hideContainerFromRight;
      -webkit-animation-duration: 0.4s;
      animation-duration: 0.4s;
      animation-fill-mode: forwards; }
  #slContainer .sl-views-wrapper
.sl-frame-component.sl-container.sl-position-right-bottom {
    bottom: 0; }
    #slContainer .sl-views-wrapper
.sl-frame-component.sl-container.sl-position-right-bottom.sl-show-animation {
      -webkit-animation-name: showContainerFromRight;
      animation-name: showContainerFromRight;
      -webkit-animation-duration: 0.3s;
      animation-duration: 0.3s;
      animation-fill-mode: forwards; }
    #slContainer .sl-views-wrapper
.sl-frame-component.sl-container.sl-position-right-bottom.sl-hide-animation {
      -webkit-animation-name: hideContainerFromRight;
      animation-name: hideContainerFromRight;
      -webkit-animation-duration: 0.4s;
      animation-duration: 0.4s;
      animation-fill-mode: forwards; }
  #slContainer .sl-views-wrapper
.sl-frame-component.sl-container.sl-position-center-top {
    top: 0;
    left: 0;
    right: 0; }
    #slContainer .sl-views-wrapper
.sl-frame-component.sl-container.sl-position-center-top.sl-show-animation {
      -webkit-animation-name: showContainerFromTop;
      animation-name: showContainerFromTop;
      -webkit-animation-duration: 0.3s;
      animation-duration: 0.3s;
      animation-fill-mode: forwards; }
    #slContainer .sl-views-wrapper
.sl-frame-component.sl-container.sl-position-center-top.sl-hide-animation {
      -webkit-animation-name: hideContainerFromTop;
      animation-name: hideContainerFromTop;
      -webkit-animation-duration: 0.4s;
      animation-duration: 0.4s;
      animation-fill-mode: forwards; }
  #slContainer .sl-views-wrapper
.sl-frame-component.sl-container.sl-position-center-bottom {
    bottom: 0;
    left: 0;
    right: 0; }
    #slContainer .sl-views-wrapper
.sl-frame-component.sl-container.sl-position-center-bottom.sl-show-animation {
      -webkit-animation-name: showContainerFromBottom;
      animation-name: showContainerFromBottom;
      -webkit-animation-duration: 0.3s;
      animation-duration: 0.3s;
      animation-fill-mode: forwards; }
    #slContainer .sl-views-wrapper
.sl-frame-component.sl-container.sl-position-center-bottom.sl-hide-animation {
      -webkit-animation-name: hideContainerFromBottom;
      animation-name: hideContainerFromBottom;
      -webkit-animation-duration: 0.4s;
      animation-duration: 0.4s;
      animation-fill-mode: forwards; }

/* POPUP SHOW */
@keyframes showContainerFromLeft {
  from {
    left: -500px;
    opacity: 0; }
  to {
    left: 0px;
    opacity: 1; } }

@-webkit-keyframes showContainerFromLeft {
  from {
    left: -500px;
    opacity: 0; }
  to {
    left: 0px;
    opacity: 1; } }

@keyframes hideContainerFromLeft {
  from {
    left: 0px;
    opacity: 1; }
  to {
    left: -500px;
    opacity: 0; } }

@-webkit-keyframes hideContainerFromLeft {
  from {
    left: 0px;
    opacity: 1; }
  to {
    left: -500px;
    opacity: 0; } }

@keyframes showContainerFromRight {
  from {
    right: -500px;
    opacity: 0; }
  to {
    right: 0px;
    opacity: 1; } }

@-webkit-keyframes showContainerFromRight {
  from {
    right: -500px;
    opacity: 0; }
  to {
    right: 0px;
    opacity: 1; } }

@keyframes hideContainerFromRight {
  from {
    right: 0px;
    opacity: 1; }
  to {
    opacity: 0;
    right: -500px; } }

@-webkit-keyframes hideContainerFromRight {
  from {
    right: 0px;
    opacity: 1; }
  to {
    opacity: 0;
    right: -500px; } }

@keyframes showContainerFromTop {
  from {
    top: -500px;
    opacity: 0; }
  to {
    opacity: 1;
    top: 0px; } }

@-webkit-keyframes showContainerFromTop {
  from {
    top: -500px;
    opacity: 0; }
  to {
    opacity: 1;
    top: 0px; } }

@keyframes hideContainerFromTop {
  from {
    top: 0px;
    opacity: 1; }
  to {
    opacity: 0;
    top: -500px; } }

@-webkit-keyframes hideContainerFromTop {
  from {
    top: 0px;
    opacity: 1; }
  to {
    opacity: 0;
    top: -500px; } }

@keyframes showContainerFromBottom {
  from {
    bottom: -500px;
    opacity: 0; }
  to {
    opacity: 1;
    bottom: 0px; } }

@-webkit-keyframes showContainerFromBottom {
  from {
    bottom: -500px;
    opacity: 0; }
  to {
    opacity: 1;
    bottom: 0px; } }

@keyframes hideContainerFromBottom {
  from {
    bottom: 0px;
    opacity: 1; }
  to {
    opacity: 0;
    bottom: -500px; } }

@-webkit-keyframes hideContainerFromBottom {
  from {
    bottom: 0px;
    opacity: 1; }
  to {
    opacity: 0;
    bottom: -500px; } }

@keyframes showContainer {
  from {
    opacity: 0;
    -webkit-transform: scale(0.7);
    -moz-transform: scale(0.7);
    -o-transform: scale(0.7);
    transform: scale(0.7);
    -webkit-transform-origin: top bottom;
    -moz-transform-origin: top bottom;
    -o-transform-origin: top bottom;
    transform-origin: top bottom; }
  to {
    opacity: 1;
    -webkit-transform: scale(1);
    -moz-transform: scale(1);
    -o-transform: scale(1);
    transform: scale(1);
    -webkit-transform-origin: top bottom;
    -moz-transform-origin: top bottom;
    -o-transform-origin: top bottom;
    transform-origin: top bottom; } }

@-webkit-keyframes showContainer {
  from {
    opacity: 0;
    -webkit-transform: scale(0.7);
    -moz-transform: scale(0.7);
    -o-transform: scale(0.7);
    transform: scale(0.7);
    -webkit-transform-origin: top bottom;
    -moz-transform-origin: top bottom;
    -o-transform-origin: top bottom;
    transform-origin: top bottom; }
  to {
    opacity: 1;
    -webkit-transform: scale(1);
    -moz-transform: scale(1);
    -o-transform: scale(1);
    transform: scale(1);
    -webkit-transform-origin: top bottom;
    -moz-transform-origin: top bottom;
    -o-transform-origin: top bottom;
    transform-origin: top bottom; } }

@keyframes hideContainer {
  from {
    -webkit-transform: scale(1);
    -moz-transform: scale(1);
    -o-transform: scale(1);
    transform: scale(1);
    -webkit-transform-origin: top bottom;
    -moz-transform-origin: top bottom;
    -o-transform-origin: top bottom;
    transform-origin: top bottom;
    opacity: 1; }
  to {
    -webkit-transform: scale(0.6);
    -moz-transform: scale(0.6);
    -o-transform: scale(0.6);
    transform: scale(0.6);
    -webkit-transform-origin: top bottom;
    -moz-transform-origin: top bottom;
    -o-transform-origin: top bottom;
    transform-origin: top bottom;
    opacity: 0; } }

@-webkit-keyframes hideContainer {
  from {
    -webkit-transform: scale(1);
    -moz-transform: scale(1);
    -o-transform: scale(1);
    transform: scale(1);
    -webkit-transform-origin: top bottom;
    -moz-transform-origin: top bottom;
    -o-transform-origin: top bottom;
    transform-origin: top bottom;
    opacity: 1; }
  to {
    -webkit-transform: scale(0.6);
    -moz-transform: scale(0.6);
    -o-transform: scale(0.6);
    transform: scale(0.6);
    -webkit-transform-origin: top bottom;
    -moz-transform-origin: top bottom;
    -o-transform-origin: top bottom;
    transform-origin: top bottom;
    opacity: 0; } }

@keyframes showContainerShadow {
  from {
    opacity: 0;
    position: fixed; }
  to {
    opacity: 1;
    position: fixed; } }

@-webkit-keyframes showContainerShadow {
  from {
    opacity: 0;
    position: fixed; }
  to {
    opacity: 1;
    position: fixed; } }

@keyframes hideContainerShadow {
  from {
    opacity: 1;
    position: fixed; }
  to {
    opacity: 0;
    position: fixed; } }

@-webkit-keyframes hideContainerShadow {
  from {
    opacity: 1;
    position: fixed; }
  to {
    opacity: 0;
    position: fixed; } }

#slContainer .sl-views-wrapper
.sl-frame-component.sl-html-container {
  background: transparent;
  width: 100%;
  height: 100%;
  display: block;
  opacity: 1;
  left: auto;
  margin: auto;
  right: auto;
  bottom: auto;
  top: auto;
  position: fixed;
  border-radius: 4px;
  overflow: visible; }
  #slContainer .sl-views-wrapper
.sl-frame-component.sl-html-container.sl-position-center-middle {
    left: 0;
    right: 0;
    bottom: 0;
    top: 0;
    position: fixed; }
    #slContainer .sl-views-wrapper
.sl-frame-component.sl-html-container.sl-position-center-middle.sl-show-animation {
      -webkit-animation-name: showContainer;
      animation-name: showContainer;
      -webkit-animation-duration: 0.3s;
      animation-duration: 0.3s;
      animation-fill-mode: forwards; }
      #slContainer .sl-views-wrapper
.sl-frame-component.sl-html-container.sl-position-center-middle.sl-show-animation .sl-item-background-shade {
        -webkit-animation-name: showContainerShadow;
        animation-name: showContainerShadow;
        -webkit-animation-duration: 0.4s;
        animation-duration: 0.4s;
        animation-fill-mode: forwards;
        -webkit-transform: scale(15, 5);
        -moz-transform: scale(15, 5);
        -o-transform: scale(15, 5);
        transform: scale(15, 5);
        -webkit-transform-origin: top bottom;
        -moz-transform-origin: top bottom;
        -o-transform-origin: top bottom;
        transform-origin: top bottom; }
    #slContainer .sl-views-wrapper
.sl-frame-component.sl-html-container.sl-position-center-middle.sl-hide-animation {
      -webkit-animation-name: hideContainer;
      animation-name: hideContainer;
      -webkit-animation-duration: 0.4s;
      animation-duration: 0.4s;
      animation-fill-mode: forwards; }
      #slContainer .sl-views-wrapper
.sl-frame-component.sl-html-container.sl-position-center-middle.sl-hide-animation .sl-item-background-shade {
        -webkit-animation-name: hideContainerShadow;
        animation-name: hideContainerShadow;
        -webkit-animation-duration: 0.4s;
        animation-duration: 0.4s;
        animation-fill-mode: forwards;
        -webkit-transform: scale(15, 5);
        -moz-transform: scale(15, 5);
        -o-transform: scale(15, 5);
        transform: scale(15, 5);
        -webkit-transform-origin: top bottom;
        -moz-transform-origin: top bottom;
        -o-transform-origin: top bottom;
        transform-origin: top bottom; }
  #slContainer .sl-views-wrapper
.sl-frame-component.sl-html-container.sl-position-left-middle {
    bottom: 0;
    top: 0; }
    #slContainer .sl-views-wrapper
.sl-frame-component.sl-html-container.sl-position-left-middle.sl-show-animation {
      -webkit-animation-name: showContainerFromLeft;
      animation-name: showContainerFromLeft;
      -webkit-animation-duration: 0.3s;
      animation-duration: 0.3s;
      animation-fill-mode: forwards; }
    #slContainer .sl-views-wrapper
.sl-frame-component.sl-html-container.sl-position-left-middle.sl-hide-animation {
      -webkit-animation-name: hideContainerFromLeft;
      animation-name: hideContainerFromLeft;
      -webkit-animation-duration: 0.4s;
      animation-duration: 0.4s;
      animation-fill-mode: forwards; }
  #slContainer .sl-views-wrapper
.sl-frame-component.sl-html-container.sl-position-left-top {
    top: 0; }
    #slContainer .sl-views-wrapper
.sl-frame-component.sl-html-container.sl-position-left-top.sl-show-animation {
      -webkit-animation-name: showContainerFromLeft;
      animation-name: showContainerFromLeft;
      -webkit-animation-duration: 0.3s;
      animation-duration: 0.3s;
      animation-fill-mode: forwards; }
    #slContainer .sl-views-wrapper
.sl-frame-component.sl-html-container.sl-position-left-top.sl-hide-animation {
      -webkit-animation-name: hideContainerFromLeft;
      animation-name: hideContainerFromLeft;
      -webkit-animation-duration: 0.4s;
      animation-duration: 0.4s;
      animation-fill-mode: forwards; }
  #slContainer .sl-views-wrapper
.sl-frame-component.sl-html-container.sl-position-left-bottom {
    bottom: 0; }
    #slContainer .sl-views-wrapper
.sl-frame-component.sl-html-container.sl-position-left-bottom.sl-show-animation {
      -webkit-animation-name: showContainerFromLeft;
      animation-name: showContainerFromLeft;
      -webkit-animation-duration: 0.3s;
      animation-duration: 0.3s;
      animation-fill-mode: forwards; }
    #slContainer .sl-views-wrapper
.sl-frame-component.sl-html-container.sl-position-left-bottom.sl-hide-animation {
      -webkit-animation-name: hideContainerFromLeft;
      animation-name: hideContainerFromLeft;
      -webkit-animation-duration: 0.4s;
      animation-duration: 0.4s;
      animation-fill-mode: forwards; }
  #slContainer .sl-views-wrapper
.sl-frame-component.sl-html-container.sl-position-right-middle {
    bottom: 0;
    top: 0; }
    #slContainer .sl-views-wrapper
.sl-frame-component.sl-html-container.sl-position-right-middle.sl-show-animation {
      -webkit-animation-name: showContainerFromRight;
      animation-name: showContainerFromRight;
      -webkit-animation-duration: 0.3s;
      animation-duration: 0.3s;
      animation-fill-mode: forwards; }
    #slContainer .sl-views-wrapper
.sl-frame-component.sl-html-container.sl-position-right-middle.sl-hide-animation {
      -webkit-animation-name: hideContainerFromRight;
      animation-name: hideContainerFromRight;
      -webkit-animation-duration: 0.4s;
      animation-duration: 0.4s;
      animation-fill-mode: forwards; }
  #slContainer .sl-views-wrapper
.sl-frame-component.sl-html-container.sl-position-right-top {
    top: 0; }
    #slContainer .sl-views-wrapper
.sl-frame-component.sl-html-container.sl-position-right-top.sl-show-animation {
      -webkit-animation-name: showContainerFromRight;
      animation-name: showContainerFromRight;
      -webkit-animation-duration: 0.3s;
      animation-duration: 0.3s;
      animation-fill-mode: forwards; }
    #slContainer .sl-views-wrapper
.sl-frame-component.sl-html-container.sl-position-right-top.sl-hide-animation {
      -webkit-animation-name: hideContainerFromRight;
      animation-name: hideContainerFromRight;
      -webkit-animation-duration: 0.4s;
      animation-duration: 0.4s;
      animation-fill-mode: forwards; }
  #slContainer .sl-views-wrapper
.sl-frame-component.sl-html-container.sl-position-right-bottom {
    bottom: 0; }
    #slContainer .sl-views-wrapper
.sl-frame-component.sl-html-container.sl-position-right-bottom.sl-show-animation {
      -webkit-animation-name: showContainerFromRight;
      animation-name: showContainerFromRight;
      -webkit-animation-duration: 0.3s;
      animation-duration: 0.3s;
      animation-fill-mode: forwards; }
    #slContainer .sl-views-wrapper
.sl-frame-component.sl-html-container.sl-position-right-bottom.sl-hide-animation {
      -webkit-animation-name: hideContainerFromRight;
      animation-name: hideContainerFromRight;
      -webkit-animation-duration: 0.4s;
      animation-duration: 0.4s;
      animation-fill-mode: forwards; }
  #slContainer .sl-views-wrapper
.sl-frame-component.sl-html-container.sl-position-center-top {
    top: 0;
    left: 0;
    right: 0; }
    #slContainer .sl-views-wrapper
.sl-frame-component.sl-html-container.sl-position-center-top.sl-show-animation {
      -webkit-animation-name: showContainerFromTop;
      animation-name: showContainerFromTop;
      -webkit-animation-duration: 0.3s;
      animation-duration: 0.3s;
      animation-fill-mode: forwards; }
    #slContainer .sl-views-wrapper
.sl-frame-component.sl-html-container.sl-position-center-top.sl-hide-animation {
      -webkit-animation-name: hideContainerFromTop;
      animation-name: hideContainerFromTop;
      -webkit-animation-duration: 0.4s;
      animation-duration: 0.4s;
      animation-fill-mode: forwards; }
  #slContainer .sl-views-wrapper
.sl-frame-component.sl-html-container.sl-position-center-bottom {
    bottom: 0;
    left: 0;
    right: 0; }
    #slContainer .sl-views-wrapper
.sl-frame-component.sl-html-container.sl-position-center-bottom.sl-show-animation {
      -webkit-animation-name: showContainerFromBottom;
      animation-name: showContainerFromBottom;
      -webkit-animation-duration: 0.3s;
      animation-duration: 0.3s;
      animation-fill-mode: forwards; }
    #slContainer .sl-views-wrapper
.sl-frame-component.sl-html-container.sl-position-center-bottom.sl-hide-animation {
      -webkit-animation-name: hideContainerFromBottom;
      animation-name: hideContainerFromBottom;
      -webkit-animation-duration: 0.4s;
      animation-duration: 0.4s;
      animation-fill-mode: forwards; }
</style></head><iframe style="width: 0px; height: 0px; display: none;"></iframe>
    <body data-engine-version="0.5.31" class="chakra-ui-light">
        <div id="root"><script>!function(){var d=document.documentElement,n='data-iceberg-theme',s='setAttribute';d[s](n,'loblaw')}()</script><div id="site-layout" class="site-layout site-layout--mobile site-layout--loblaw" data-customer-is-anonymous="true" tabindex="-1"><div class="site-layout__smart-banner"><div></div></div><div class="site-layout__header" data-auid="header"><div class="accessibility-links"><a href="#site-content" class="skip-to sr-only sr-only-focusable " data-is-external-link="true">Skip to Main Content</a><a href="#site-footer" class="skip-to sr-only sr-only-focusable " data-is-external-link="true">Skip to Footer</a></div><div class="site-header-wrapper"><div class="site-header-wrapper__header"><header class="site-header site-header--mobile site-header--exp-BX-2795-background-color" data-cruller="site-header"><div class="mobile-site-header mobile-site-header--exp-BX-2795-justify-left"><div class="mobile-menu mobile-menu--exp-BX-2903-menu-color" data-aria-modal="true"><div class="mobile-menu__mask" data-auid="mobile-menu__mask"></div><div class="mobile-menu__side-menu" data-auid="mobile-side-menu"><section class="mobile-menu__side-menu__section mobile-menu__side-menu__section--quick-links"><div class="quicklinks"><span class="quicklinks__item quicklinks__item--account"><div class="quicklinks__item__block"><span class="quicklinks__item__block__text"><a class="quicklinks__item__block__text__link" href="/account/login">Sign In</a></span></div></span><span class="quicklinks__item quicklinks__item--location"><a data-auid="store-locator-link" data-is-external-link="false" data-cruller="store-locator-link" class="store-locator-link quicklinks__item__link quicklinks__item__link--button quicklinks__item__link--exp-BX-2651-change-timeslot-font-color" href="/store-locator"><span class="quicklinks__item__link__text"><svg class="MuiSvgIcon-root quicklinks__item__link__text__icon" focusable="false" viewBox="0 0 24 24" aria-hidden="true" style="font-size: 24px;"><path d="M12 2C8.13 2 5 5.13 5 9c0 5.25 7 13 7 13s7-7.75 7-13c0-3.87-3.13-7-7-7zM7 9c0-2.76 2.24-5 5-5s5 2.24 5 5c0 2.88-2.88 7.19-5 9.88C9.92 16.21 7 11.85 7 9z"></path><circle cx="12" cy="9" r="2.5"></circle></svg>Store Locator</span></a></span></div></section><section class="mobile-menu__side-menu__section mobile-menu__side-menu__section--departments"><div class="mobile-menu__side-menu__section__list"><nav class="primary-nav" aria-label="Main navigation"><ul class="primary-nav__list primary-nav__list--level-0" data-code="root"><li class="primary-nav__list__item"><a class="primary-nav__list__item__link" data-code="/pc-express-pass" href="/pc-express-pass?navid=flyout-L2-PCXPass"><span class="primary-nav__list__item__link__text">PC Express Pass</span></a></li><li class="primary-nav__list__item primary-nav__list__item--with-children"><button class="primary-nav__list__item__link" data-code="seasonal-shop" aria-expanded="false" data-aria-current="false"><span class="primary-nav__list__item__link__text">Seasonal Shop</span><svg class="MuiSvgIcon-root primary-nav__list__item__link__icon" focusable="false" viewBox="0 0 24 24" aria-hidden="true" style="font-size: 24px;"><path d="M16.59 8.59L12 13.17 7.41 8.59 6 10l6 6 6-6z"></path></svg></button><ul class="primary-nav__list primary-nav__list--level-0" data-code="seasonal-shop"><li class="primary-nav__list__item"><a class="primary-nav__list__item__link" data-code="/collection/easter?promotions=Multi-Buy&amp;page=1&amp;promotions=Price+Reduction&amp;promotions=%241%2C%242%2C%243%2C%244%2C%245" href="/collection/easter?promotions=Multi-Buy&amp;page=1&amp;promotions=Price+Reduction&amp;promotions=%241%2C%242%2C%243%2C%244%2C%245&amp;navid=mkt-seasonal-easter-full" style="min-height: 0px;"><span class="primary-nav__list__item__link__text" style="font-weight: 600; text-decoration: underline;">Easter Deals and More</span></a></li><li class="primary-nav__list__item"><a class="primary-nav__list__item__link" data-code="/collection/easter-candy" href="/collection/easter-candy?navid=flyout-L2-mkt-seasonal-easter-confect-Bakery"><span class="primary-nav__list__item__link__text">Easter Sweets</span></a></li><li class="primary-nav__list__item"><a class="primary-nav__list__item__link" data-code="/collection/easter-baked-goods" href="/collection/easter-baked-goods?navid=flyout-L2-mkt-seasonal-easter-Easter Baking"><span class="primary-nav__list__item__link__text">Easter Baking</span></a></li><li class="primary-nav__list__item"><a class="primary-nav__list__item__link" data-code="/collection/easter-flowers-and-decor" href="/collection/easter-flowers-and-decor?navid=flyout-L2-mkt-seasonal-easter-Spring Flowers &amp; Dcor"><span class="primary-nav__list__item__link__text">Spring Flowers &amp; Dcor</span></a></li><li class="primary-nav__list__item"><a class="primary-nav__list__item__link" data-code="/collection/easter-mains-and-sides" href="/collection/easter-mains-and-sides?navid=flyout-L2-mkt-seasonal-easter-Mains &amp; Sides"><span class="primary-nav__list__item__link__text">Mains &amp; Sides</span></a></li><li class="primary-nav__list__item"><a class="primary-nav__list__item__link" data-code="/collection/charcuterie-full-collection" href="/collection/charcuterie-full-collection?navid=flyout-L2-mkt-charcuterie-nav-seasonal-easter"><span class="primary-nav__list__item__link__text">Easter Charcuterie Ideas</span></a></li><li class="primary-nav__list__item"><a class="primary-nav__list__item__link" data-code="/collection/catering-trays" href="/collection/catering-trays?navid=flyout-L2-mkt-catering-trays-nav-discovery"><span class="primary-nav__list__item__link__text">Party Platters</span></a></li><li class="primary-nav__list__item"><a class="primary-nav__list__item__link" data-code="/featured-brand-picks" href="/featured-brand-picks?navid=flyout-L2-mkt-dmap-brand-picks-p11-halloween" style="min-height: 0px;"><span class="primary-nav__list__item__link__text" style="font-weight: 600; text-decoration: underline;">Food Lovers Featured Picks</span></a></li><li class="primary-nav__list__item"><a class="primary-nav__list__item__link" data-code="/collection/best-brunch-ideas" href="/collection/best-brunch-ideas?navid=flyout-L2-mkt-seasonal-brunch" style="min-height: 0px;"><span class="primary-nav__list__item__link__text" style="font-weight: 600; text-decoration: underline;">Brunch Essentials</span></a></li><li class="primary-nav__list__item"><a class="primary-nav__list__item__link" data-code="/collection/fresh-tropical-produce" href="/collection/fresh-tropical-produce?navid=flyout-L2-mkt-seasonal-taste-of-the-tropics" style="min-height: 0px;"><span class="primary-nav__list__item__link__text" style="font-weight: 600; text-decoration: underline;">Tropical Fruits and Florals</span></a></li><li class="primary-nav__list__item"><a class="primary-nav__list__item__link" data-code="/collection/ferrero-kinder-chocolates" href="/collection/ferrero-kinder-chocolates?navid=flyout-L2-mkt-seasonal-ferrero-kinder" style="min-height: 0px;"><span class="primary-nav__list__item__link__text" style="font-weight: 600; text-decoration: underline;">Celebrate with Kinder &amp; Ferrero Rocher</span></a></li></ul></li><li class="primary-nav__list__item primary-nav__list__item--with-children"><button class="primary-nav__list__item__link" data-code="Food" aria-expanded="false" data-aria-current="false"><span class="primary-nav__list__item__link__text">Food</span><svg class="MuiSvgIcon-root primary-nav__list__item__link__icon" focusable="false" viewBox="0 0 24 24" aria-hidden="true" style="font-size: 24px;"><path d="M16.59 8.59L12 13.17 7.41 8.59 6 10l6 6 6-6z"></path></svg></button><ul class="primary-nav__list primary-nav__list--level-0" data-code="Food"><li class="primary-nav__list__item"><a class="primary-nav__list__item__link" data-code="28003" href="/food/dairy-eggs/c/28003?navid=flyout-L2-Dairy-and-Eggs"><span class="primary-nav__list__item__link__text">Dairy &amp; Eggs</span></a></li><li class="primary-nav__list__item"><a class="primary-nav__list__item__link" data-code="27998" href="/food/meat/c/27998?navid=flyout-L2-Meat"><span class="primary-nav__list__item__link__text">Meat</span></a></li><li class="primary-nav__list__item"><a class="primary-nav__list__item__link" data-code="28000" href="/food/fruits-vegetables/c/28000?navid=flyout-L2-fruits-vegetables"><span class="primary-nav__list__item__link__text">Fruits &amp; Vegetables</span></a></li><li class="primary-nav__list__item"><a class="primary-nav__list__item__link" data-code="28002" href="/food/bakery/c/28002?navid=flyout-L2-Bakery"><span class="primary-nav__list__item__link__text">Bakery</span></a></li><li class="primary-nav__list__item"><a class="primary-nav__list__item__link" data-code="27999" href="/food/fish-seafood/c/27999?navid=flyout-L2-Fish-and-Seafood"><span class="primary-nav__list__item__link__text">Fish &amp; Seafood</span></a></li><li class="primary-nav__list__item"><a class="primary-nav__list__item__link" data-code="28006" href="/food/pantry/c/28006?navid=flyout-L2-Pantry"><span class="primary-nav__list__item__link__text">Pantry</span></a></li><li class="primary-nav__list__item"><a class="primary-nav__list__item__link" data-code="58044" href="/food/international-foods/c/58044?navid=flyout-L2-International-Foods"><span class="primary-nav__list__item__link__text">International Foods</span></a></li><li class="primary-nav__list__item"><a class="primary-nav__list__item__link" data-code="57025" href="/food/snacks-chips-candy/c/57025?navid=flyout-L2-snacks-chips-candy"><span class="primary-nav__list__item__link__text">Snacks, Chips &amp; Candy</span></a></li><li class="primary-nav__list__item"><a class="primary-nav__list__item__link" data-code="28001" href="/food/deli/c/28001?navid=flyout-L2-Deli"><span class="primary-nav__list__item__link__text">Deli</span></a></li><li class="primary-nav__list__item"><a class="primary-nav__list__item__link" data-code="28004" href="/food/drinks/c/28004?navid=flyout-L2-Drinks"><span class="primary-nav__list__item__link__text">Drinks</span></a></li><li class="primary-nav__list__item"><a class="primary-nav__list__item__link" data-code="28005" href="/food/frozen/c/28005?navid=flyout-L2-Frozen"><span class="primary-nav__list__item__link__text">Frozen</span></a></li><li class="primary-nav__list__item"><a class="primary-nav__list__item__link" data-code="27996" href="/food/prepared-meals/c/27996?navid=flyout-L2-Prepared-Meals"><span class="primary-nav__list__item__link__text">Prepared Meals</span></a></li><li class="primary-nav__list__item"><a class="primary-nav__list__item__link" data-code="28236" href="/food/beer-and-wine/c/28236?navid=flyout-L2-beer-and-wine"><span class="primary-nav__list__item__link__text">Beer &amp; Wine</span></a></li><li class="primary-nav__list__item"><a class="primary-nav__list__item__link" data-code="28189" href="/food/natural-and-organic/c/28189?navid=flyout-L2-Natural-Organic"><span class="primary-nav__list__item__link__text">Natural and Organic</span></a></li></ul></li><li class="primary-nav__list__item primary-nav__list__item--with-children"><button class="primary-nav__list__item__link" data-code="Household-and-Cleaning-Products" aria-expanded="false" data-aria-current="false"><span class="primary-nav__list__item__link__text">Household Supplies</span><svg class="MuiSvgIcon-root primary-nav__list__item__link__icon" focusable="false" viewBox="0 0 24 24" aria-hidden="true" style="font-size: 24px;"><path d="M16.59 8.59L12 13.17 7.41 8.59 6 10l6 6 6-6z"></path></svg></button><ul class="primary-nav__list primary-nav__list--level-0" data-code="Household-and-Cleaning-Products"><li class="primary-nav__list__item"><a class="primary-nav__list__item__link" data-code="28175" href="/home-and-living/household-cleaning-products/paper-products-/c/28175?navid=flyout-L2-Bathroom-Tissues-Paper-Products"><span class="primary-nav__list__item__link__text"> Bathroom Tissue &amp; Paper Products</span></a></li><li class="primary-nav__list__item"><a class="primary-nav__list__item__link" data-code="28180" href="/home-and-living/household-cleaning-products/food-wrap-bags/c/28180?navid=flyout-L2-Food-Wrap-and-Bags"><span class="primary-nav__list__item__link__text">Food Wrap &amp; Bags</span></a></li><li class="primary-nav__list__item"><a class="primary-nav__list__item__link" data-code="28181" href="/home-and-living/household-cleaning-products/floor-care/c/28181?navid=flyout-L2-Floor-Care"><span class="primary-nav__list__item__link__text">Floor Care</span></a></li><li class="primary-nav__list__item"><a class="primary-nav__list__item__link" data-code="28182" href="/home-and-living/household-cleaning-products/household-cleaners/c/28182?navid=flyout-L2-Household-Cleaners"><span class="primary-nav__list__item__link__text">Household Cleaners</span></a></li><li class="primary-nav__list__item"><a class="primary-nav__list__item__link" data-code="28303" href="/home-and-living/household-cleaning-products/air-fresheners/c/28303?navid=flyout-L2-Air-Fresheners"><span class="primary-nav__list__item__link__text">Air Fresheners</span></a></li><li class="primary-nav__list__item"><a class="primary-nav__list__item__link" data-code="28304" href="/home-and-living/household-cleaning-products/dishwashing/c/28304?navid=flyout-L2-Dishwashing"><span class="primary-nav__list__item__link__text">Dishwashing</span></a></li><li class="primary-nav__list__item"><a class="primary-nav__list__item__link" data-code="28305" href="/home-and-living/household-cleaning-products/laundry-needs/c/28305?navid=flyout-L2-Laundry-Needs"><span class="primary-nav__list__item__link__text">Laundry Needs</span></a></li><li class="primary-nav__list__item"><a class="primary-nav__list__item__link" data-code="28306" href="/home-and-living/household-cleaning-products/trash-bags/c/28306?navid=flyout-L2-Trash-Bags"><span class="primary-nav__list__item__link__text">Trash Bags</span></a></li><li class="primary-nav__list__item"><a class="primary-nav__list__item__link" data-code="41118" href="/household-supplies/light-bulbs/c/41118?navid=flyout-L2-light-bulbs"><span class="primary-nav__list__item__link__text">Light Bulbs</span></a></li><li class="primary-nav__list__item"><a class="primary-nav__list__item__link" data-code="57029" href="/household-supplies/batteries/c/57029?navid=flyout-L2-batteries"><span class="primary-nav__list__item__link__text">Batteries</span></a></li><li class="primary-nav__list__item"><a class="primary-nav__list__item__link" data-code="39932" href="/household-supplies/cleaning-accessories-sponges/c/39932?navid=flyout-L2-cleaning-accessories-sponges"><span class="primary-nav__list__item__link__text">Cleaning Accessories &amp; Sponges</span></a></li></ul></li><li class="primary-nav__list__item primary-nav__list__item--with-children"><button class="primary-nav__list__item__link" data-code="Home &amp; Kitchen" aria-expanded="false" data-aria-current="false"><span class="primary-nav__list__item__link__text">Home &amp; Kitchen</span><svg class="MuiSvgIcon-root primary-nav__list__item__link__icon" focusable="false" viewBox="0 0 24 24" aria-hidden="true" style="font-size: 24px;"><path d="M16.59 8.59L12 13.17 7.41 8.59 6 10l6 6 6-6z"></path></svg></button><ul class="primary-nav__list primary-nav__list--level-0" data-code="Home &amp; Kitchen"><li class="primary-nav__list__item"><a class="primary-nav__list__item__link" data-code="28017" href="/home-and-living/kitchen-dining/c/28017?navid=flyout-L2-Kitchen" style="min-height: 0px;"><span class="primary-nav__list__item__link__text" style="font-weight: 600; text-decoration: underline;">Kitchen</span></a></li><li class="primary-nav__list__item"><a class="primary-nav__list__item__link" data-code="28267" href="/home-kitchen/appliances/small-appliances/c/28267?navid=flyout-L2-Appliances"><span class="primary-nav__list__item__link__text">Small Appliances</span></a></li><li class="primary-nav__list__item"><a class="primary-nav__list__item__link" data-code="28369" href="/home-kitchen/kitchen/food-storage-organization/c/28369?navid=flyout-L2-Storage-and-Organization"><span class="primary-nav__list__item__link__text">Food Storage &amp; Organization</span></a></li><li class="primary-nav__list__item"><a class="primary-nav__list__item__link" data-code="28368" href="/home-kitchen/kitchen/kitchen-utensils-gadgets-tools/c/28368?navid=flyout-L2-Kitchen-Utensils-Gadgets-and-Tools"><span class="primary-nav__list__item__link__text">Kitchen Utensils, Gadgets &amp; Tools</span></a></li><li class="primary-nav__list__item"><a class="primary-nav__list__item__link" data-code="28362" href="/home-kitchen/kitchen/cookware/c/28362?navid=flyout-L2-Cookware"><span class="primary-nav__list__item__link__text">Cookware</span></a></li><li class="primary-nav__list__item"><a class="primary-nav__list__item__link" data-code="28360" href="/home-kitchen/kitchen/bakeware/c/28360?navid=flyout-L2-Bakeware"><span class="primary-nav__list__item__link__text">Bakeware</span></a></li><li class="primary-nav__list__item"><a class="primary-nav__list__item__link" data-code="56939" href="/home/dining-entertaining/c/56939?navid=flyout-L2-Dining &amp; Entertaining" style="min-height: 0px;"><span class="primary-nav__list__item__link__text" style="font-weight: 600; text-decoration: underline;">Dining &amp; Entertaining</span></a></li><li class="primary-nav__list__item"><a class="primary-nav__list__item__link" data-code="28363" href="/home-kitchen/dining-entertaining/dinner-tableware/c/28363?navid=flyout-L2-Dinner-and-Tableware"><span class="primary-nav__list__item__link__text">Dinner &amp; Tableware</span></a></li><li class="primary-nav__list__item"><a class="primary-nav__list__item__link" data-code="30593" href="/home-kitchen/dining-entertaining/serveware/c/30593?navid=flyout-L2-Serveware"><span class="primary-nav__list__item__link__text">Serveware</span></a></li><li class="primary-nav__list__item"><a class="primary-nav__list__item__link" data-code="28364" href="/home-kitchen/dining-entertaining/glassware-drinkware/c/28364?navid=flyout-L2-Glassware-and-Drinkware"><span class="primary-nav__list__item__link__text">Glassware &amp; Drinkware</span></a></li><li class="primary-nav__list__item"><a class="primary-nav__list__item__link" data-code="/collections/outdoordiningentertainment" href="/collections/outdoordiningentertainment?navid=flyout-L2-Outdoor Dinnerware"><span class="primary-nav__list__item__link__text">Outdoor Dinnerware</span></a></li><li class="primary-nav__list__item"><a class="primary-nav__list__item__link" data-code="28009" href="/home-and-living/bath/c/28009?navid=flyout-L2-Bath" style="min-height: 0px;"><span class="primary-nav__list__item__link__text" style="font-weight: 600; text-decoration: underline;">Bath</span></a></li><li class="primary-nav__list__item"><a class="primary-nav__list__item__link" data-code="28287" href="/home-kitchen/bath/towels-washcloths/c/28287?navid=flyout-L2-Towels-and-Washcloths"><span class="primary-nav__list__item__link__text">Towels &amp; Washcloths</span></a></li><li class="primary-nav__list__item"><a class="primary-nav__list__item__link" data-code="30127?navid=CLP-L5-Beach-Towels" href="/home-kitchen/bath/towels-washcloths/beach-towels/c/30127?navid=CLP-L5-Beach-Towels&amp;navid=Beach Towels"><span class="primary-nav__list__item__link__text">Beach Towels</span></a></li><li class="primary-nav__list__item"><a class="primary-nav__list__item__link" data-code="28283" href="/home-kitchen/bath/bathtub-shower-accessories/c/28283?navid=flyout-L2-Bathtub-and-Shower-Accessories"><span class="primary-nav__list__item__link__text">Bathtub &amp; Shower Accessories</span></a></li><li class="primary-nav__list__item"><a class="primary-nav__list__item__link" data-code="28010" href="/home-and-living/bedding/c/28010?navid=flyout-L2-Bedding" style="min-height: 0px;"><span class="primary-nav__list__item__link__text" style="font-weight: 600; text-decoration: underline;">Bedding</span></a></li><li class="primary-nav__list__item"><a class="primary-nav__list__item__link" data-code="28302" href="/home-kitchen/bedding/sheets-pillowcases/c/28302?navid=flyout-L2-Sheets-and-Pillowcases"><span class="primary-nav__list__item__link__text">Sheets &amp; Pillowcases</span></a></li><li class="primary-nav__list__item"><a class="primary-nav__list__item__link" data-code="28301" href="/home-kitchen/bedding/pillows/c/28301?navid=flyout-L2-Pillows"><span class="primary-nav__list__item__link__text">Pillows</span></a></li><li class="primary-nav__list__item"><a class="primary-nav__list__item__link" data-code="28295" href="/home-kitchen/bedding/blankets-throws/c/28295?navid=flyout-L2-Blankets-and-Throws"><span class="primary-nav__list__item__link__text">Blankets &amp; Throws</span></a></li><li class="primary-nav__list__item"><a class="primary-nav__list__item__link" data-code="28014" href="/home-and-living/home-decor/c/28014?navid=flyout-L2-Home-Decor" style="min-height: 0px;"><span class="primary-nav__list__item__link__text" style="font-weight: 600; text-decoration: underline;">Home Decor</span></a></li><li class="primary-nav__list__item"><a class="primary-nav__list__item__link" data-code="28318" href="/home-and-living/home-decor/candles-home-fragrance/c/28318?navid=flyout-L2-Candles-and-Home-Fragrance"><span class="primary-nav__list__item__link__text">Candles &amp; Home Fragrance</span></a></li><li class="primary-nav__list__item"><a class="primary-nav__list__item__link" data-code="28015" href="/home-kitchen/home-storage-organization/c/28015?navid=flyout-L2-Home-Storage-and-Organization"><span class="primary-nav__list__item__link__text">Home Storage &amp; Organization</span></a></li><li class="primary-nav__list__item"><a class="primary-nav__list__item__link" data-code="28013" href="/home-and-living/furniture/c/28013?navid=flyout-L2-Furniture"><span class="primary-nav__list__item__link__text">Furniture</span></a></li><li class="primary-nav__list__item"><a class="primary-nav__list__item__link" data-code="27991" href="/office-school-supplies/c/27991?navid=flyout-L2-Party Supplies" style="min-height: 0px;"><span class="primary-nav__list__item__link__text" style="font-weight: 600; text-decoration: underline;">School &amp; Office Supplies</span></a></li><li class="primary-nav__list__item"><a class="primary-nav__list__item__link" data-code="30590" href="/home-kitchen/dining-entertaining/disposables/c/30590?navid=flyout-L2-Disposables"><span class="primary-nav__list__item__link__text">Disposables</span></a></li><li class="primary-nav__list__item"><a class="primary-nav__list__item__link" data-code="28883?navid=CLP-L4-Balloons" href="/party-and-office-supplies/party-supplies/balloons/c/28883?navid=CLP-L4-Balloons&amp;navid=Balloons"><span class="primary-nav__list__item__link__text">Balloons</span></a></li><li class="primary-nav__list__item"><a class="primary-nav__list__item__link" data-code="28018" href="/home-and-living/lighting-ceiling-fans/c/28018?navid=flyout-L2-Lighting-and-Ceiling-Fans" style="min-height: 0px;"><span class="primary-nav__list__item__link__text" style="font-weight: 600; text-decoration: underline;">Lighting &amp; Ceiling Fans</span></a></li></ul></li><li class="primary-nav__list__item primary-nav__list__item--with-children"><button class="primary-nav__list__item__link" data-code="Baby" aria-expanded="false" data-aria-current="false"><span class="primary-nav__list__item__link__text">Baby</span><svg class="MuiSvgIcon-root primary-nav__list__item__link__icon" focusable="false" viewBox="0 0 24 24" aria-hidden="true" style="font-size: 24px;"><path d="M16.59 8.59L12 13.17 7.41 8.59 6 10l6 6 6-6z"></path></svg></button><ul class="primary-nav__list primary-nav__list--level-0" data-code="Baby"><li class="primary-nav__list__item"><a class="primary-nav__list__item__link" data-code="27987" href="/baby/c/27987?navid=flyout-L2-baby-hub" style="min-height: 0px;"><span class="primary-nav__list__item__link__text" style="font-weight: 600; text-decoration: underline;">Baby Shop</span></a></li><li class="primary-nav__list__item"><a class="primary-nav__list__item__link" data-code="28031" href="/baby/nursing-feeding/c/28031?navid=flyout-L2-Nursing-and-Feeding" style="min-height: 0px;"><span class="primary-nav__list__item__link__text" style="font-weight: 600; text-decoration: underline;">Nursing &amp; Feeding</span></a></li><li class="primary-nav__list__item"><a class="primary-nav__list__item__link" data-code="42410" href="/baby/nursing-feeding/baby-formula/baby-food/c/42410?navid=flyout-L2-Baby Food"><span class="primary-nav__list__item__link__text">Baby Food</span></a></li><li class="primary-nav__list__item"><a class="primary-nav__list__item__link" data-code="28480" href="/baby-formula/c/28480?navid=flyout-L2-Baby Formula"><span class="primary-nav__list__item__link__text">Baby Formula</span></a></li><li class="primary-nav__list__item"><a class="primary-nav__list__item__link" data-code="28481" href="/baby/nursing-feeding/bottles-accessories/c/28481?navid=flyout-L2-Bottles &amp; Accessories"><span class="primary-nav__list__item__link__text">Bottles &amp; Accessories</span></a></li><li class="primary-nav__list__item"><a class="primary-nav__list__item__link" data-code="28030" href="/baby/changing-potty-training/c/28030?navid=flyout-L2-Changing-and-Potty-Training" style="min-height: 0px;"><span class="primary-nav__list__item__link__text" style="font-weight: 600; text-decoration: underline;">Diapers &amp; Potty Training</span></a></li><li class="primary-nav__list__item"><a class="primary-nav__list__item__link" data-code="28159" href="/baby/changing-potty-training/diapers/c/28159?navid=flyout-L2-Diapers"><span class="primary-nav__list__item__link__text">Diapers</span></a></li><li class="primary-nav__list__item"><a class="primary-nav__list__item__link" data-code="28478" href="/baby/changing-potty-training/baby-wipes/c/28478?navid=flyout-L2-Wipes"><span class="primary-nav__list__item__link__text">Wipes</span></a></li><li class="primary-nav__list__item"><a class="primary-nav__list__item__link" data-code="28415" href="/baby/baby-accessories/baby-toiletries/c/28415?navid=flyout-L2-Baby Toiletries" style="min-height: 0px;"><span class="primary-nav__list__item__link__text" style="font-weight: 600; text-decoration: underline;">Baby Toiletries</span></a></li><li class="primary-nav__list__item"><a class="primary-nav__list__item__link" data-code="30888" href="/baby/baby-accessories/baby-toiletries/baby-skin-care/c/30888?navid=flyout-L2-Baby Skin Care"><span class="primary-nav__list__item__link__text">Baby Skin Care</span></a></li><li class="primary-nav__list__item"><a class="primary-nav__list__item__link" data-code="28026" href="/baby/baby-safety/c/28026?navid=flyout-L2-Baby-Safety" style="min-height: 0px;"><span class="primary-nav__list__item__link__text" style="font-weight: 600; text-decoration: underline;">Baby Safety</span></a></li><li class="primary-nav__list__item"><a class="primary-nav__list__item__link" data-code="28028" href="/baby/baby-toys/c/28028?navid=flyout-L2-Baby-Toys" style="min-height: 0px;"><span class="primary-nav__list__item__link__text" style="font-weight: 600; text-decoration: underline;">Baby Toys</span></a></li><li class="primary-nav__list__item"><a class="primary-nav__list__item__link" data-code="28029" href="/baby/car-seats-strollers/c/28029?navid=flyout-L2-Car-Seats-and-Strollers" style="min-height: 0px;"><span class="primary-nav__list__item__link__text" style="font-weight: 600; text-decoration: underline;">Car Seats &amp; Strollers</span></a></li><li class="primary-nav__list__item"><a class="primary-nav__list__item__link" data-code="28032" href="/baby/gear/c/28032?navid=flyout-L2-Gear" style="min-height: 0px;"><span class="primary-nav__list__item__link__text" style="font-weight: 600; text-decoration: underline;">Gear</span></a></li><li class="primary-nav__list__item"><a class="primary-nav__list__item__link" data-code="28033" href="/baby/gifts/c/28033?navid=flyout-L2-Gifts" style="min-height: 0px;"><span class="primary-nav__list__item__link__text" style="font-weight: 600; text-decoration: underline;">Gifts</span></a></li><li class="primary-nav__list__item"><a class="primary-nav__list__item__link" data-code="28034" href="/baby/nursery/c/28034?navid=flyout-L2-Nursery" style="min-height: 0px;"><span class="primary-nav__list__item__link__text" style="font-weight: 600; text-decoration: underline;">Nursery</span></a></li><li class="primary-nav__list__item"><a class="primary-nav__list__item__link" data-code="28035" href="/baby/pregnancy-maternity/c/28035?navid=flyout-L2-Pregnancy-and-Maternity" style="min-height: 0px;"><span class="primary-nav__list__item__link__text" style="font-weight: 600; text-decoration: underline;">Pregnancy &amp; Maternity</span></a></li></ul></li><li class="primary-nav__list__item primary-nav__list__item--with-children"><button class="primary-nav__list__item__link" data-code="Health-and-Beauty" aria-expanded="false" data-aria-current="false"><span class="primary-nav__list__item__link__text">Health &amp; Beauty</span><svg class="MuiSvgIcon-root primary-nav__list__item__link__icon" focusable="false" viewBox="0 0 24 24" aria-hidden="true" style="font-size: 24px;"><path d="M16.59 8.59L12 13.17 7.41 8.59 6 10l6 6 6-6z"></path></svg></button><ul class="primary-nav__list primary-nav__list--level-0" data-code="Health-and-Beauty"><li class="primary-nav__list__item"><a class="primary-nav__list__item__link" data-code="28128" href="/health-beauty/bath-body/c/28128?navid=flyout-L2-Bath-and-Body" style="min-height: 0px;"><span class="primary-nav__list__item__link__text" style="font-weight: 600; text-decoration: underline;">Bath &amp; Body</span></a></li><li class="primary-nav__list__item"><a class="primary-nav__list__item__link" data-code="29352" href="/health-beauty/bath-body/soaps-bodywash/c/29352?navid=flyout-L2-Soaps &amp; Bodywash"><span class="primary-nav__list__item__link__text">Soaps &amp; Bodywash</span></a></li><li class="primary-nav__list__item"><a class="primary-nav__list__item__link" data-code="29348" href="/health-beauty/bath-body/bathing-accessories/c/29348?navid=flyout-L2-Bathing Accessories"><span class="primary-nav__list__item__link__text">Bathing Accessories</span></a></li><li class="primary-nav__list__item"><a class="primary-nav__list__item__link" data-code="29351" href="/health-beauty/bath-body/shampoo-body-wash/c/29351?navid=flyout-L2-Kids Shampoo &amp; Body Wash"><span class="primary-nav__list__item__link__text">Kids Shampoo &amp; Body Wash</span></a></li><li class="primary-nav__list__item"><a class="primary-nav__list__item__link" data-code="29397" href="/health-beauty/personal-care/oral-care/c/29397?navid=flyout-L2-Oral Care" style="min-height: 0px;"><span class="primary-nav__list__item__link__text" style="font-weight: 600; text-decoration: underline;">Oral Care</span></a></li><li class="primary-nav__list__item"><a class="primary-nav__list__item__link" data-code="34017" href="/health-beauty/personal-care/oral-care/toothpaste/c/34017?navid=flyout-L2-Toothpaste"><span class="primary-nav__list__item__link__text">Toothpaste</span></a></li><li class="primary-nav__list__item"><a class="primary-nav__list__item__link" data-code="34006" href="/health-beauty/personal-care/oral-care/electric-toothbrushes/c/34006?navid=flyout-L2-Electric Toothbrushes"><span class="primary-nav__list__item__link__text">Electric Toothbrushes</span></a></li><li class="primary-nav__list__item"><a class="primary-nav__list__item__link" data-code="34009" href="/health-beauty/personal-care/oral-care/manual-toothbrushes/c/34009?navid=flyout-L2-Manual Toothbrushes"><span class="primary-nav__list__item__link__text">Manual Toothbrushes</span></a></li><li class="primary-nav__list__item"><a class="primary-nav__list__item__link" data-code="34002" href="/health-beauty/personal-care/oral-care/dental-floss/c/34002?navid=flyout-L2-Dental Floss &amp; Picks"><span class="primary-nav__list__item__link__text">Dental Floss &amp; Picks</span></a></li><li class="primary-nav__list__item"><a class="primary-nav__list__item__link" data-code="34015" href="/personal-care/oral-care/teeth-whitening/c/34015?navid=flyout-L2-Teeth Whitening"><span class="primary-nav__list__item__link__text">Teeth Whitening</span></a></li><li class="primary-nav__list__item"><a class="primary-nav__list__item__link" data-code="34010" href="/health-beauty/personal-care/oral-care/mouthwash/c/34010?navid=flyout-L2-Mouthwash"><span class="primary-nav__list__item__link__text">Mouthwash</span></a></li><li class="primary-nav__list__item"><a class="primary-nav__list__item__link" data-code="34005" href="/health-beauty/personal-care/oral-care/denture-care/c/34005?navid=flyout-L2-Denture Care"><span class="primary-nav__list__item__link__text">Denture Care</span></a></li><li class="primary-nav__list__item"><a class="primary-nav__list__item__link" data-code="29395" href="/health-beauty/personal-care/hair-care/c/29395?navid=flyout-L2-Hair Care" style="min-height: 0px;"><span class="primary-nav__list__item__link__text" style="font-weight: 600; text-decoration: underline;">Hair Care</span></a></li><li class="primary-nav__list__item"><a class="primary-nav__list__item__link" data-code="33995" href="/health-beauty/personal-care/hair-care/shampoos/c/33995?navid=flyout-L2-Shampoos"><span class="primary-nav__list__item__link__text">Shampoos</span></a></li><li class="primary-nav__list__item"><a class="primary-nav__list__item__link" data-code="33986" href="/health-beauty/personal-care/hair-care/conditioners/c/33986?navid=flyout-L2-Conditioners"><span class="primary-nav__list__item__link__text">Conditioners</span></a></li><li class="primary-nav__list__item"><a class="primary-nav__list__item__link" data-code="33997" href="/health-beauty/personal-care/hair-care/styling-products/c/33997?navid=flyout-L2-Styling Products"><span class="primary-nav__list__item__link__text">Styling Products</span></a></li><li class="primary-nav__list__item"><a class="primary-nav__list__item__link" data-code="29401" href="/health-beauty/personal-care/skin-care/c/29401?navid=flyout-L2-Skin Care" style="min-height: 0px;"><span class="primary-nav__list__item__link__text" style="font-weight: 600; text-decoration: underline;">Skin Care</span></a></li><li class="primary-nav__list__item"><a class="primary-nav__list__item__link" data-code="34031" href="/health-beauty/personal-care/skin-care/hand-body-lotions/c/34031?navid=flyout-L2-Hand &amp; Body Lotions"><span class="primary-nav__list__item__link__text">Hand &amp; Body Lotions</span></a></li><li class="primary-nav__list__item"><a class="primary-nav__list__item__link" data-code="34033" href="/health-beauty/personal-care/skin-care/face-care/c/34033?navid=flyout-L2-Face Care"><span class="primary-nav__list__item__link__text">Face Care</span></a></li><li class="primary-nav__list__item"><a class="primary-nav__list__item__link" data-code="29402" href="/health-beauty/personal-care/sun-care/c/29402?navid=flyout-L2-Sun Care"><span class="primary-nav__list__item__link__text">Sun Care</span></a></li><li class="primary-nav__list__item"><a class="primary-nav__list__item__link" data-code="56868" href="/health-beauty/personal-care/grooming/c/56868?navid=flyout-L2-Grooming &amp; Shaving " style="min-height: 0px;"><span class="primary-nav__list__item__link__text" style="font-weight: 600; text-decoration: underline;">Grooming &amp; Shaving </span></a></li><li class="primary-nav__list__item"><a class="primary-nav__list__item__link" data-code="34023" href="/health-beauty/personal-care/grooming/razors/c/34023?navid=flyout-L2-Razors"><span class="primary-nav__list__item__link__text">Razors</span></a></li><li class="primary-nav__list__item"><a class="primary-nav__list__item__link" data-code="34024" href="/health-beauty/personal-care/grooming/creams-balms-aftershaves/c/34024?navid=flyout-L2-Creams, Balms &amp; Aftershaves"><span class="primary-nav__list__item__link__text">Creams, Balms &amp; Aftershaves</span></a></li><li class="primary-nav__list__item"><a class="primary-nav__list__item__link" data-code="34025" href="/health-beauty/personal-care/grooming/electric-shavers/c/34025?navid=flyout-L2-Electric Shavers"><span class="primary-nav__list__item__link__text">lectric Shavers</span></a></li><li class="primary-nav__list__item"><a class="primary-nav__list__item__link" data-code="28134" href="/health-beauty/personal-care/c/28134?navid=flyout-L2-Personal-Care" style="min-height: 0px;"><span class="primary-nav__list__item__link__text" style="font-weight: 600; text-decoration: underline;">Personal Care</span></a></li><li class="primary-nav__list__item"><a class="primary-nav__list__item__link" data-code="29389" href="/health-beauty/personal-care/deodorants-antiperspirants/c/29389?navid=flyout-L2-Deodorants &amp; Antiperspirants"><span class="primary-nav__list__item__link__text">Deodorants &amp; Antiperspirants</span></a></li><li class="primary-nav__list__item"><a class="primary-nav__list__item__link" data-code="29392" href="/health-beauty/personal-care/feminine-hygiene/c/29392?navid=flyout-L2-Feminine Care"><span class="primary-nav__list__item__link__text">Feminine Care</span></a></li><li class="primary-nav__list__item"><a class="primary-nav__list__item__link" data-code="28129" href="/health-beauty/beauty-products/c/28129?navid=flyout-L2-Beauty-Products" style="min-height: 0px;"><span class="primary-nav__list__item__link__text" style="font-weight: 600; text-decoration: underline;">Beauty Products</span></a></li><li class="primary-nav__list__item"><a class="primary-nav__list__item__link" data-code="29353" href="/health-beauty/beauty-products/cosmetics/c/29353?navid=flyout-L2-Cosmetics"><span class="primary-nav__list__item__link__text">Cosmetics</span></a></li><li class="primary-nav__list__item"><a class="primary-nav__list__item__link" data-code="29354" href="/health-beauty/beauty-products/tools-accessories/c/29354?navid=flyout-L2-Beauty Tools &amp; Accessories"><span class="primary-nav__list__item__link__text">Beauty Tools &amp; Accessories</span></a></li><li class="primary-nav__list__item"><a class="primary-nav__list__item__link" data-code="28133" href="/health-beauty/nutrition-wellness/c/28133?navid=flyout-L2-Vitamins &amp; Supplements" style="min-height: 0px;"><span class="primary-nav__list__item__link__text" style="font-weight: 600; text-decoration: underline;">Vitamins &amp; Supplements</span></a></li><li class="primary-nav__list__item"><a class="primary-nav__list__item__link" data-code="28132" href="/health-beauty/health-care/c/28132?navid=flyout-L2-Health-Care" style="min-height: 0px;"><span class="primary-nav__list__item__link__text" style="font-weight: 600; text-decoration: underline;">Health Care</span></a></li><li class="primary-nav__list__item"><a class="primary-nav__list__item__link" data-code="29362" href="/health-beauty/health-care/allergy-sinus/c/29362?navid=flyout-L2-Allergy Sinus"><span class="primary-nav__list__item__link__text">Allergy &amp; Sinus</span></a></li><li class="primary-nav__list__item"><a class="primary-nav__list__item__link" data-code="29363" href="/health-beauty/health-care/cough-cold/c/29363?navid=flyout-L2-Cough &amp; Cold"><span class="primary-nav__list__item__link__text">Cough &amp; Cold</span></a></li></ul></li><li class="primary-nav__list__item primary-nav__list__item--with-children"><button class="primary-nav__list__item__link" data-code="Pet-Food-Supplies" aria-expanded="false" data-aria-current="false"><span class="primary-nav__list__item__link__text">Pet Food &amp; Supplies</span><svg class="MuiSvgIcon-root primary-nav__list__item__link__icon" focusable="false" viewBox="0 0 24 24" aria-hidden="true" style="font-size: 24px;"><path d="M16.59 8.59L12 13.17 7.41 8.59 6 10l6 6 6-6z"></path></svg></button><ul class="primary-nav__list primary-nav__list--level-0" data-code="Pet-Food-Supplies"><li class="primary-nav__list__item"><a class="primary-nav__list__item__link" data-code="28040" href="/pet-supplies/dogs/c/28040?navid=flyout-L2-Dogs" style="min-height: 0px;"><span class="primary-nav__list__item__link__text" style="font-weight: 600; text-decoration: underline;">Dogs</span></a></li><li class="primary-nav__list__item"><a class="primary-nav__list__item__link" data-code="31166" href="/pet-supplies/dogs/dog-food/wet/c/31166?navid=flyout-L2-wet-dog-food"><span class="primary-nav__list__item__link__text">Dog Wet Food</span></a></li><li class="primary-nav__list__item"><a class="primary-nav__list__item__link" data-code="31164" href="/pet-supplies/dogs/dog-food/dry-dog-food/c/31164?navid=flyout-L2-dry-dog-food"><span class="primary-nav__list__item__link__text">Dog Dry Food</span></a></li><li class="primary-nav__list__item"><a class="primary-nav__list__item__link" data-code="31165" href="/pet-supplies/dogs/dog-food/treats/c/31165?navid=flyout-L2-dog-treats"><span class="primary-nav__list__item__link__text">Dog Treats</span></a></li><li class="primary-nav__list__item"><a class="primary-nav__list__item__link" data-code="28562" href="/pet-supplies/dogs/toys/c/28562?navid=flyout-L2-dog-toys"><span class="primary-nav__list__item__link__text">Dog Toys</span></a></li><li class="primary-nav__list__item"><a class="primary-nav__list__item__link" data-code="28039" href="/pet-supplies/cats/c/28039?navid=flyout-L2-Cats" style="min-height: 0px;"><span class="primary-nav__list__item__link__text" style="font-weight: 600; text-decoration: underline;">Cats</span></a></li><li class="primary-nav__list__item"><a class="primary-nav__list__item__link" data-code="31075" href="/pet-supplies/cats/cat-food/wet-food/c/31075?navid=flyout-L2-wet-cat-food"><span class="primary-nav__list__item__link__text">Cat Wet Food</span></a></li><li class="primary-nav__list__item"><a class="primary-nav__list__item__link" data-code="31073" href="/pet-supplies/cats/cat-food/dry-food/c/31073?navid=flyout-L2-dry-cat-food"><span class="primary-nav__list__item__link__text">Cat Dry Food</span></a></li><li class="primary-nav__list__item"><a class="primary-nav__list__item__link" data-code="28547" href="/pet-supplies/cats/toys/c/28547?navid=flyout-L2-cat-toys"><span class="primary-nav__list__item__link__text">Cat Toys</span></a></li><li class="primary-nav__list__item"><a class="primary-nav__list__item__link" data-code="31114" href="/pet-supplies/cats/litter-housebreaking/litter/c/31114?navid=flyout-L2-cat-litter"><span class="primary-nav__list__item__link__text">Cat Litter</span></a></li><li class="primary-nav__list__item"><a class="primary-nav__list__item__link" data-code="28038" href="/pet-supplies/birds/c/28038?navid=flyout-L2-Birds" style="min-height: 0px;"><span class="primary-nav__list__item__link__text" style="font-weight: 600; text-decoration: underline;">Birds</span></a></li><li class="primary-nav__list__item"><a class="primary-nav__list__item__link" data-code="/collections/024000000000000000000011" href="/collections/024000000000000000000011?navid=flyout-L2-pc-nutrition-first" style="min-height: 0px;"><span class="primary-nav__list__item__link__text" style="font-weight: 600; text-decoration: underline;">PC Nutrition First</span></a></li></ul></li><li class="primary-nav__list__item primary-nav__list__item--with-children"><button class="primary-nav__list__item__link" data-code="Electronics &amp; Batteries " aria-expanded="false" data-aria-current="false"><span class="primary-nav__list__item__link__text">Electronics &amp; Batteries </span><svg class="MuiSvgIcon-root primary-nav__list__item__link__icon" focusable="false" viewBox="0 0 24 24" aria-hidden="true" style="font-size: 24px;"><path d="M16.59 8.59L12 13.17 7.41 8.59 6 10l6 6 6-6z"></path></svg></button><ul class="primary-nav__list primary-nav__list--level-0" data-code="Electronics &amp; Batteries "><li class="primary-nav__list__item"><a class="primary-nav__list__item__link" data-code="36589" href="/computers-electronics/camera-photo/accessories/batteries-chargers/batteries/c/36589?navid=flyout-L2-Batteries"><span class="primary-nav__list__item__link__text">Batteries</span></a></li><li class="primary-nav__list__item"><a class="primary-nav__list__item__link" data-code="28096" href="/computers-electronics/accessories-supplies/c/28096?navid=flyout-L2-Accessories-and-Supplies"><span class="primary-nav__list__item__link__text">Accessories &amp; Supplies</span></a></li><li class="primary-nav__list__item"><a class="primary-nav__list__item__link" data-code="28099" href="/computers-electronics/camera-photo/c/28099?navid=flyout-L2-Camera-and-Photo"><span class="primary-nav__list__item__link__text">Camera &amp; Accessories </span></a></li><li class="primary-nav__list__item"><a class="primary-nav__list__item__link" data-code="28101" href="/computers-electronics/computers-accessories/c/28101?navid=flyout-L2-Computers-and-Accessories"><span class="primary-nav__list__item__link__text">Computers &amp; Accessories</span></a></li><li class="primary-nav__list__item"><a class="primary-nav__list__item__link" data-code="28110" href="/computers-electronics/telephones-accessories/c/28110?navid=flyout-L2-Telephones-and-Accessories"><span class="primary-nav__list__item__link__text">Telephones &amp; Accessories</span></a></li></ul></li><li class="primary-nav__list__item"><a class="primary-nav__list__item__link" data-code="27995" href="/lawn-garden-patio/c/27995?navid=flyout-L2-/lawn-garden-patio/c/27995"><span class="primary-nav__list__item__link__text">Lawn, Garden &amp; Patio</span></a></li><li class="primary-nav__list__item primary-nav__list__item--with-children"><button class="primary-nav__list__item__link" data-code="Party Supplies" aria-expanded="false" data-aria-current="false"><span class="primary-nav__list__item__link__text" style="font-weight: 600; text-decoration: underline;">School &amp; Office Supplies</span><svg class="MuiSvgIcon-root primary-nav__list__item__link__icon" focusable="false" viewBox="0 0 24 24" aria-hidden="true" style="font-size: 24px;"><path d="M16.59 8.59L12 13.17 7.41 8.59 6 10l6 6 6-6z"></path></svg></button><ul class="primary-nav__list primary-nav__list--level-0" data-code="Party Supplies"><li class="primary-nav__list__item"><a class="primary-nav__list__item__link" data-code="28086" href="/office-school-supplies/office-furniture/c/28086?navid=flyout-L2-Office-Furniture"><span class="primary-nav__list__item__link__text">Office Furniture</span></a></li><li class="primary-nav__list__item"><a class="primary-nav__list__item__link" data-code="28088" href="/office-school-supplies/paper/c/28088?navid=flyout-L2-Paper" style="min-height: 0px;"><span class="primary-nav__list__item__link__text" style="font-weight: 600; text-decoration: underline;">Paper &amp; Notebooks</span></a></li><li class="primary-nav__list__item"><a class="primary-nav__list__item__link" data-code="28080" href="/school-office-supplies/educational-products-crafts/c/28080?navid=flyout-L2-kids-arts-crafts" style="min-height: 0px;"><span class="primary-nav__list__item__link__text" style="font-weight: 600; text-decoration: underline;">Kid's Arts &amp; Crafts</span></a></li><li class="primary-nav__list__item"><a class="primary-nav__list__item__link" data-code="28092" href="/office-school-supplies/tape-adhesives-fasteners/c/28092?navid=flyout-L2-Tape, Glue &amp; Fasteners"><span class="primary-nav__list__item__link__text">Tape, Glue &amp; Fasteners</span></a></li><li class="primary-nav__list__item"><a class="primary-nav__list__item__link" data-code="28095" href="/office-school-supplies/writing-correction-supplies/c/28095?navid=flyout-L2-Writing-and-Correction-Supplies" style="min-height: 0px;"><span class="primary-nav__list__item__link__text" style="font-weight: 600; text-decoration: underline;">Writing &amp; Correction Supplies</span></a></li><li class="primary-nav__list__item"><a class="primary-nav__list__item__link" data-code="28081" href="/office-school-supplies/filing-products/c/28081?navid=flyout-L2-Filing-Products"><span class="primary-nav__list__item__link__text">Filing &amp; Binding Products</span></a></li><li class="primary-nav__list__item"><a class="primary-nav__list__item__link" data-code="28094" href="/office-school-supplies/workspace-organizers-accessories/c/28094?navid=flyout-L2-Workspace-Organizers-and-Accessories"><span class="primary-nav__list__item__link__text">Workspace Organizers &amp; Accessories</span></a></li></ul></li><li class="primary-nav__list__item primary-nav__list__item--with-children"><button class="primary-nav__list__item__link" data-code="Toys-Games-and-Party-Supplies" aria-expanded="false" data-aria-current="false"><span class="primary-nav__list__item__link__text">Toys, Games &amp; Party Supplies</span><svg class="MuiSvgIcon-root primary-nav__list__item__link__icon" focusable="false" viewBox="0 0 24 24" aria-hidden="true" style="font-size: 24px;"><path d="M16.59 8.59L12 13.17 7.41 8.59 6 10l6 6 6-6z"></path></svg></button><ul class="primary-nav__list primary-nav__list--level-0" data-code="Toys-Games-and-Party-Supplies"><li class="primary-nav__list__item"><a class="primary-nav__list__item__link" data-code="28063" href="/toys-games-hobbies/christmas-toys/c/28063?navid=flyout-L2-Christmas-Toys"><span class="primary-nav__list__item__link__text">Christmas Toys</span></a></li><li class="primary-nav__list__item"><a class="primary-nav__list__item__link" data-code="28064" href="/toys-games-hobbies/dolls-accessories/c/28064?navid=flyout-L2-Dolls-and-Accessories"><span class="primary-nav__list__item__link__text">Dolls &amp; Accessories</span></a></li><li class="primary-nav__list__item"><a class="primary-nav__list__item__link" data-code="28065" href="/toys-games-hobbies/dress-up-pretend/c/28065?navid=flyout-L2-Dress-Up-and-Pretend"><span class="primary-nav__list__item__link__text">Dress Up &amp; Pretend</span></a></li><li class="primary-nav__list__item"><a class="primary-nav__list__item__link" data-code="28067" href="/toys-games-hobbies/games/c/28067?navid=flyout-L2-Games"><span class="primary-nav__list__item__link__text">Games</span></a></li><li class="primary-nav__list__item"><a class="primary-nav__list__item__link" data-code="28068" href="/toys-games-hobbies/hobbies/c/28068?navid=flyout-L2-Hobbies"><span class="primary-nav__list__item__link__text">Hobbies</span></a></li><li class="primary-nav__list__item"><a class="primary-nav__list__item__link" data-code="28069" href="/toys-games-hobbies/novelty-toys/c/28069?navid=flyout-L2-Novelty-Toys"><span class="primary-nav__list__item__link__text">Novelty Toys</span></a></li><li class="primary-nav__list__item"><a class="primary-nav__list__item__link" data-code="28070" href="/toys-games-hobbies/outdoor-play/c/28070?navid=flyout-L2-Outdoor-Play"><span class="primary-nav__list__item__link__text">Outdoor Play</span></a></li><li class="primary-nav__list__item"><a class="primary-nav__list__item__link" data-code="28074" href="/toys-games-hobbies/toddler-toys/c/28074?navid=flyout-L2-Toddler-Toys"><span class="primary-nav__list__item__link__text">Toddler Toys</span></a></li></ul></li><li class="primary-nav__list__item primary-nav__list__item--with-children"><button class="primary-nav__list__item__link" data-code="flyers-deals" aria-expanded="false" data-aria-current="false"><span class="primary-nav__list__item__link__text">Flyers &amp; Deals</span><svg class="MuiSvgIcon-root primary-nav__list__item__link__icon" focusable="false" viewBox="0 0 24 24" aria-hidden="true" style="font-size: 24px;"><path d="M16.59 8.59L12 13.17 7.41 8.59 6 10l6 6 6-6z"></path></svg></button><ul class="primary-nav__list primary-nav__list--level-0" data-code="flyers-deals"><li class="primary-nav__list__item"><a class="primary-nav__list__item__link" data-code="/collection/hit-of-the-month" href="/collection/hit-of-the-month?navid=flyout-L2-mkt-flyers-deals-hit-of-the-month"><span class="primary-nav__list__item__link__text">Hit of the Month</span></a></li><li class="primary-nav__list__item"><a class="primary-nav__list__item__link" data-code="/print-flyer" href="/print-flyer?navid=flyout-L2-Flyer"><span class="primary-nav__list__item__link__text">Flyer</span></a></li><li class="primary-nav__list__item"><a class="primary-nav__list__item__link" data-code="/deals/all" href="/deals/all?navid=flyout-L2-All-Deals"><span class="primary-nav__list__item__link__text">All Deals</span></a></li><li class="primary-nav__list__item"><a class="primary-nav__list__item__link" data-code="/collection/member-only-pricing" href="/collection/member-only-pricing?navid=flyout-L2-mkt-flyers-mop"><span class="primary-nav__list__item__link__text">Save with Members Only Pricing</span></a></li><li class="primary-nav__list__item"><a class="primary-nav__list__item__link" data-code="/collections/price-drop-cycle2" href="/collections/price-drop-cycle2?navid=flyout-L2-flyer-deals-nav-mkt-price-drop"><span class="primary-nav__list__item__link__text">Price Drop</span></a></li><li class="primary-nav__list__item"><a href="https://www.pcoptimum.ca/load?page=MKDigitalCoupon20230202&amp;utm_source=pco-web&amp;utm_medium=internal-referral&amp;utm_campaign=20230202_W5_P2_eng_campaign-pcx____&amp;navid=flyer-deals-nav-mkt-digital-coupons" aria-describedby="describe-link-opens-new-tab" target="_blank" rel="noopener noreferrer" class="primary-nav__list__item__link" data-code="https://www.pcoptimum.ca/load?page=MKDigitalCoupon20230202&amp;utm_source=pco-web&amp;utm_medium=internal-referral&amp;utm_campaign=20230202_W5_P2_eng_campaign-pcx____" data-is-external-link="true"><span class="primary-nav__list__item__link__text">Digital Coupons</span></a></li><li class="primary-nav__list__item"><a class="primary-nav__list__item__link" data-code="/loyalty" href="/loyalty?navid=flyout-L2-flyer-deals-nav-mkt-pco-loyalty"><span class="primary-nav__list__item__link__text">PC Optimum Offers</span></a></li></ul></li><li class="primary-nav__list__item primary-nav__list__item--with-children"><button class="primary-nav__list__item__link" data-code="services" aria-expanded="false" data-aria-current="false"><span class="primary-nav__list__item__link__text">Services</span><svg class="MuiSvgIcon-root primary-nav__list__item__link__icon" focusable="false" viewBox="0 0 24 24" aria-hidden="true" style="font-size: 24px;"><path d="M16.59 8.59L12 13.17 7.41 8.59 6 10l6 6 6-6z"></path></svg></button><ul class="primary-nav__list primary-nav__list--level-0" data-code="services"><li class="primary-nav__list__item"><a class="primary-nav__list__item__link" data-code="/rapid-delivery" href="/rapid-delivery?navid=flyout-L2-navigation-services-rapid-delivery-loblaw"><span class="primary-nav__list__item__link__text">Rapid Delivery</span></a></li><li class="primary-nav__list__item"><a class="primary-nav__list__item__link" data-code="/pharmacy" href="/pharmacy?navid=flyout-L2-Pharmacy"><span class="primary-nav__list__item__link__text">Pharmacy</span></a></li><li class="primary-nav__list__item"><a href="https://www.dietitianservices.ca?navid=flyout-L2-Dietitians" aria-describedby="describe-link-opens-new-tab" target="_blank" rel="noopener noreferrer" class="primary-nav__list__item__link" data-code="https://www.dietitianservices.ca" data-is-external-link="true"><span class="primary-nav__list__item__link__text">Dietitians</span></a></li><li class="primary-nav__list__item"><a class="primary-nav__list__item__link" data-code="/optical?navid=optical" href="/optical?navid=optical&amp;navid=Optical"><span class="primary-nav__list__item__link__text">Optical</span></a></li><li class="primary-nav__list__item"><a class="primary-nav__list__item__link" data-code="/medical-clinics?navid=medical-clinics" href="/medical-clinics?navid=medical-clinics&amp;navid=Medical Clinics"><span class="primary-nav__list__item__link__text">Medical Clinics</span></a></li><li class="primary-nav__list__item"><a href="https://s7d1.scene7.com/is/content/loblaw/loblaw-companies-limited/creative-assets/grocery/2023/wk47/cs-12536---ad-hoc-party-platter-pdfs/2502014_mkt_party_platter_menu_price_2023_en_ROC36_.pdf?navid=flyout-L2-services-mkt-party-platters-ROC" aria-describedby="describe-link-opens-new-tab" target="_blank" rel="noopener noreferrer" class="primary-nav__list__item__link" data-code="https://s7d1.scene7.com/is/content/loblaw/loblaw-companies-limited/creative-assets/grocery/2023/wk47/cs-12536---ad-hoc-party-platter-pdfs/2502014_mkt_party_platter_menu_price_2023_en_ROC36_.pdf" data-is-external-link="true"><span class="primary-nav__list__item__link__text">Party Platters - Full Brochure</span></a></li></ul></li><li class="primary-nav__list__item primary-nav__list__item--with-children"><button class="primary-nav__list__item__link" data-code="WhatsNew" aria-expanded="false" data-aria-current="false"><span class="primary-nav__list__item__link__text">Discover</span><svg class="MuiSvgIcon-root primary-nav__list__item__link__icon" focusable="false" viewBox="0 0 24 24" aria-hidden="true" style="font-size: 24px;"><path d="M16.59 8.59L12 13.17 7.41 8.59 6 10l6 6 6-6z"></path></svg></button><ul class="primary-nav__list primary-nav__list--level-0" data-code="WhatsNew"><li class="primary-nav__list__item"><a class="primary-nav__list__item__link" data-code="/collection/catering-trays" href="/collection/catering-trays?navid=flyout-L2-mkt-catering-trays-nav-discovery"><span class="primary-nav__list__item__link__text">Party Platters</span></a></li><li class="primary-nav__list__item"><a class="primary-nav__list__item__link" data-code="/collection/fresh-meals" href="/collection/fresh-meals?navid=flyout-L2-mkt-discover-fresh-meals"><span class="primary-nav__list__item__link__text">Shop Fresh Meals</span></a></li><li class="primary-nav__list__item"><a class="primary-nav__list__item__link" data-code="/collection/new-arrivals" href="/collection/new-arrivals?navid=flyout-L2-mkt-new-arrivals-nav-discovery"><span class="primary-nav__list__item__link__text">New Arrivals</span></a></li><li class="primary-nav__list__item"><a class="primary-nav__list__item__link" data-code="/collection/pc-pizza" href="/collection/pc-pizza?navid=flyout-L2-mkt-pc-pizza-nav-discovery"><span class="primary-nav__list__item__link__text">Pizza Essentials for Less</span></a></li><li class="primary-nav__list__item"><a class="primary-nav__list__item__link" data-code="/collection/kid-friendly-snacks" href="/collection/kid-friendly-snacks?navid=flyout-L2-mkt-discover-kid-friendly-snacks"><span class="primary-nav__list__item__link__text">March Break Kids Meals &amp; Snacks</span></a></li><li class="primary-nav__list__item"><a class="primary-nav__list__item__link" data-code="27988" href="/pet-supplies/c/27988?navid=flyout-L2-discover-mkt-pet"><span class="primary-nav__list__item__link__text">Pet Food and Supplies</span></a></li><li class="primary-nav__list__item"><a class="primary-nav__list__item__link" data-code="/collection/best-brunch-ideas" href="/collection/best-brunch-ideas?navid=flyout-L2-mkt-discover-brunch"><span class="primary-nav__list__item__link__text">Brunch Essentials</span></a></li><li class="primary-nav__list__item"><a class="primary-nav__list__item__link" data-code="/local-condiments-on" href="/local-condiments-on?navid=flyout-L2-mkt-discovery-local-condiments-ontario"><span class="primary-nav__list__item__link__text">Shop Local, Support Local</span></a></li><li class="primary-nav__list__item"><a class="primary-nav__list__item__link" data-code="/browse-by-brand" href="/browse-by-brand?navid=flyout-L2-Browse By Brand"><span class="primary-nav__list__item__link__text">Browse By Brand</span></a></li></ul></li></ul></nav></div></section><section class="mobile-menu__side-menu__section mobile-menu__side-menu__section--pc-optimum"><a class="mobile-menu__side-menu__section__link" href="/loyalty/loyaltyOffers?navid=superheader">PC Optimum</a></section></div><button class="mobile-menu__button" data-auid="mobile-menu-button"><svg class="MuiSvgIcon-root" focusable="false" viewBox="0 0 24 24" aria-hidden="true"><path d="M3 18h18v-2H3v2zm0-5h18v-2H3v2zm0-7v2h18V6H3z"></path></svg><label class="sr-only sr-only-focusable">Open Menu</label></button></div><div class="mobile-site-header__logo mobile-site-header__logo--rapid-mode-enabled"><a class="logo logo--banner logo--is-active logo--rapid-mode-enabled" href="/"><img class="logo__image logo__image--loblaw logo__image--banner logo__image--is-active logo__image--rapid-mode-enabled" alt="Loblaws homepage" src="https://dis-prod.assetful.loblaw.ca/content/dam/loblaw-companies-limited/creative-assets/logos/pcx-banner-logos-/loblaw-reverse_v2.svg"></a><a class="logo logo--rapid logo--rapid-mode-enabled" href="/rapid-delivery"><img class="logo__image logo__image--rapid-logo-mobile logo__image--rapid logo__image--rapid-mode-enabled" alt="Rapid homepage" src="https://dis-prod.assetful.loblaw.ca/content/dam/loblaw-companies-limited/creative-assets/bolt/rapid-mode-logo.svg"></a></div><div class="fulfillment-mode"><button data-cruller="fulfillment-mode-button" data-cruller-extra="fulfillment-mode-button--autolocalized" class="fulfillment-mode-button fulfillment-mode-button--start-order" aria-expanded="false" aria-label="View location: Dupont Street"><div class="fulfillment-mode-button__content"><svg class="MuiSvgIcon-root fulfillment-mode-button__icon" focusable="false" viewBox="0 0 24 24" aria-hidden="true"><path d="M12 2C8.13 2 5 5.13 5 9c0 5.25 7 13 7 13s7-7.75 7-13c0-3.87-3.13-7-7-7zM7 9c0-2.76 2.24-5 5-5s5 2.24 5 5c0 2.88-2.88 7.19-5 9.88C9.92 16.21 7 11.85 7 9z"></path><circle cx="12" cy="9" r="2.5"></circle></svg></div></button></div><a class="mobile-mini-cart-button mobile-mini-cart-button--exp-BX-2903-cart-background-color" data-auid="mini-cart-button" href="/order-dashboard/live-cart"><div class="cart-item-count cart-item-count--length-0"><svg class="MuiSvgIcon-root cart-item-count__icon" focusable="false" viewBox="0 0 24 24" aria-hidden="true"><path d="M15.55 13c.75 0 1.41-.41 1.75-1.03l3.58-6.49c.37-.66-.11-1.48-.87-1.48H5.21l-.94-2H1v2h2l3.6 7.59-1.35 2.44C4.52 15.37 5.48 17 7 17h12v-2H7l1.1-2h7.45zM6.16 6h12.15l-2.76 5H8.53L6.16 6zM7 18c-1.1 0-1.99.9-1.99 2S5.9 22 7 22s2-.9 2-2-.9-2-2-2zm10 0c-1.1 0-1.99.9-1.99 2s.89 2 1.99 2 2-.9 2-2-.9-2-2-2z"></path></svg><span class="cart-item-count__text" data-cruller="mini-cart-item-count">0</span></div></a></div><form class="search-form search-form--site-header search-form--exp-BX-2795-border-radius"><div class="search-form__typeahead" data-track-typeahead-query="" data-track-characters-count="0" data-track-no-of-search-results="0"><div class="search-input search-input--site-header search-input--exp-BX-2795-border-radius"><label class="sr-only sr-only-focusable" for="autocomplete-listbox-site-header-">Search for product</label><svg class="MuiSvgIcon-root search-input__search-icon" focusable="false" viewBox="0 0 24 24" aria-hidden="true" style="font-size: 30px;"><path d="M15.5 14h-.79l-.28-.27C15.41 12.59 16 11.11 16 9.5 16 5.91 13.09 3 9.5 3S3 5.91 3 9.5 5.91 16 9.5 16c1.61 0 3.09-.59 4.23-1.57l.27.28v.79l5 4.99L20.49 19l-4.99-5zm-6 0C7.01 14 5 11.99 5 9.5S7.01 5 9.5 5 14 7.01 14 9.5 11.99 14 9.5 14z"></path></svg><input class="search-input__input" placeholder="Search for product" autocomplete="off" data-auid="search-form-input" id="autocomplete-listbox-site-header-" data-cruller="search-input" maxlength="100" role="combobox" aria-autocomplete="list" aria-controls="autocomplete-listbox" aria-expanded="false" aria-describedby="search-input__input" aria-owns="autocomplete-listbox" value=""></div><div class="search-form__typeahead__search-icon search-form__typeahead__search-icon--site-header"><svg class="MuiSvgIcon-root" focusable="false" viewBox="0 0 24 24" aria-hidden="true" style="font-size: 30px;"><path d="M15.5 14h-.79l-.28-.27C15.41 12.59 16 11.11 16 9.5 16 5.91 13.09 3 9.5 3S3 5.91 3 9.5 5.91 16 9.5 16c1.61 0 3.09-.59 4.23-1.57l.27.28v.79l5 4.99L20.49 19l-4.99-5zm-6 0C7.01 14 5 11.99 5 9.5S7.01 5 9.5 5 14 7.01 14 9.5 11.99 14 9.5 14z"></path></svg></div></div><button type="submit" class="submit-button submit-button--site-header submit-button--dym" title="Submit Search" aria-label="Submit Search"><svg class="MuiSvgIcon-root submit-button__search-icon" focusable="false" viewBox="0 0 24 24" aria-hidden="true" style="font-size: 23px; vertical-align: middle;"><path d="M15.5 14h-.79l-.28-.27C15.41 12.59 16 11.11 16 9.5 16 5.91 13.09 3 9.5 3S3 5.91 3 9.5 5.91 16 9.5 16c1.61 0 3.09-.59 4.23-1.57l.27.28v.79l5 4.99L20.49 19l-4.99-5zm-6 0C7.01 14 5 11.99 5 9.5S7.01 5 9.5 5 14 7.01 14 9.5 11.99 14 9.5 14z"></path></svg></button></form></header></div></div></div><div class="site-layout__content" style="margin-top: 100px;"><main class="site-content" id="site-content"><div class="view-resolver-component"><div data-testid="listing-page-container" class="css-1nntebs"><div class="css-0"><div class="css-1wzmpw3"><div data-testid="gam-ad-unit" class="css-bleycz"><div class="css-14fiog8"><div class="css-1cee461"><div class="css-1hfstjc"><a href="https://adclick.g.doubleclick.net/pcs/click?xai=AKAOjss4zIAy2r7dizht5fHsJmVif-ajqnlUt_5H9BsK7f8ZmfzeCeDdYud4gkePdl0thW2KTjyUeTJs05fYSaFkHZSgJ6GjeigbEd0xfP11jet7YkOdEcAww5hW1s_ysXp23q4M7a7Gez-ZrulAh3MIzmmLf422AsXnBOdbpUfNzJ60hHvbr09HhPJTKl-MVl9o3LVfghz45MYPYft6kFaX2aUtlRdBqGQYCzK_yvtY_n7nJXq9FqMeTexKt71yW5OvyVgxSYsFXP64OaDo7MyZ_RcN_ZLzPfIL4uzzoJovN4wn1fh5ix2RcZRBGpPOvBev25155wkkJ8IzG2DKeCV-B19IcWYkW6C_IVvHjf-akHZAddwRZiZtAzm1Pa5NWl8&amp;sai=AMfl-YRRVHORbmP_Pv7pgIdVIu7F5hJRUkf8uhETXY0KxcdD7PF2Ek24_in6AcJOmd12PjBZPS7nSbvMjjXAO9MsE5JjCrys-WUR33qcOUTAHrT2-TJuf2RrHWhBKh5W9EO-AETAIfpSyx1beU7pbV-oe3s6mUWQGQt8dFlHn0nPBc6sQt8&amp;sig=Cg0ArKJSzF9NmrmfLck7EAE&amp;fbs_aeid=%5Bgw_fbsaeid%5D&amp;urlfix=1&amp;adurl=https://www.loblaws.ca%2Fsearch%3Fsearch-bar%3DPC%2520organics%26sort%3Drelevance%26productBrand%3DPC%2520Organics%26icid%3Dve_hme_gr_pc-organics-wellness_20221229_20231227_cb" target="_self" class="css-mlhfep">Sponsored 3rd party ad content. PC Organics. Shop now</a><div data-testid="google_ads_/21915145997/loblaws-ca/27985/58044/58466/58472_1" id="google_ads_/21915145997/loblaws-ca/27985/58044/58466/58472_1" class="css-ov1ktg" data-google-query-id="CLLr5MqI9IQDFcDmKAUdX48HcQ"><div id="google_ads_iframe_/21915145997/loblaws-ca/27985/58044/58466/58472_0__container__" style="border: 0pt none;"><iframe id="google_ads_iframe_/21915145997/loblaws-ca/27985/58044/58466/58472_0" name="google_ads_iframe_/21915145997/loblaws-ca/27985/58044/58466/58472_0" title="3rd party ad content" width="320" height="50" scrolling="no" marginwidth="0" marginheight="0" frameborder="0" aria-label="Advertisement" tabindex="-1" style="border: 0px; vertical-align: bottom;" data-load-complete="true" data-google-container-id="1"></iframe></div></div></div></div></div></div></div><div class="css-j27rq7"><div class="chakra-container css-5sganc" data-testid="section"><div class="breadcrumb-container css-0"><nav aria-label="breadcrumb" class="chakra-breadcrumb css-14n09z5"><ol class="chakra-breadcrumb__list css-70qvj9"><li class="chakra-breadcrumb__list-item css-vp5fdb" data-item-id="breadcrumb-item-Food"><a class="chakra-link css-kho608" href="/food/c/27985">Food</a><span role="presentation" class="css-z4npu9"><svg stroke="currentColor" fill="currentColor" stroke-width="0" viewBox="0 0 24 24" focusable="false" class="chakra-icon css-13yr2q1" aria-hidden="true" height="1em" width="1em" xmlns="http://www.w3.org/2000/svg"><path d="M10 6L8.59 7.41 13.17 12l-4.58 4.59L10 18l6-6z"></path></svg></span><span role="presentation" class="css-0"></span></li><li class="chakra-breadcrumb__list-item css-vp5fdb" data-item-id="breadcrumb-item-International Foods"><a class="chakra-link css-kho608" href="/food/international-foods/c/58044">International Foods</a><span role="presentation" class="css-z4npu9"><svg stroke="currentColor" fill="currentColor" stroke-width="0" viewBox="0 0 24 24" focusable="false" class="chakra-icon css-13yr2q1" aria-hidden="true" height="1em" width="1em" xmlns="http://www.w3.org/2000/svg"><path d="M10 6L8.59 7.41 13.17 12l-4.58 4.59L10 18l6-6z"></path></svg></span><span role="presentation" class="css-0"></span></li><li class="chakra-breadcrumb__list-item css-vp5fdb" data-item-id="breadcrumb-item-East Asian Foods"><a class="chakra-link css-kho608" href="/food/international-foods/east-asian-foods/c/58466">East Asian Foods</a><span role="presentation" class="css-z4npu9"><svg stroke="currentColor" fill="currentColor" stroke-width="0" viewBox="0 0 24 24" focusable="false" class="chakra-icon css-13yr2q1" aria-hidden="true" height="1em" width="1em" xmlns="http://www.w3.org/2000/svg"><path d="M10 6L8.59 7.41 13.17 12l-4.58 4.59L10 18l6-6z"></path></svg></span><span role="presentation" class="css-0"></span></li><li class="chakra-breadcrumb__list-item css-vp5fdb" data-item-id="breadcrumb-item-current"><span aria-current="page" class="css-1ez1pmk">Condiments, Sauces &amp; Oil</span><span role="presentation" class="css-0"></span></li></ol></nav></div></div></div><div class="css-1gd8q4x"><div class="chakra-container css-1yvva6b" data-testid="section"><div class="css-147ar3n"><div class="css-2imjyh"></div><div class="css-owofrc"><div class="css-1pzcvyn"><div class="css-1pzcvyn"><h1 class="chakra-heading css-59w6mg" data-testid="heading">Condiments, Sauces &amp; Oil</h1></div></div></div></div></div></div><div class="css-1g4mxd3" style="margin-bottom: 8px;"><div class="css-68b01z" style="min-width: 48%; margin-right: 8px;"><div class="css-0"><button type="button" class="chakra-button css-iepidu"><svg stroke="currentColor" fill="currentColor" stroke-width="0" viewBox="0 0 24 24" focusable="false" class="chakra-icon css-1roiikw" role="img" aria-hidden="true" height="1em" width="1em" xmlns="http://www.w3.org/2000/svg"><path d="M3 18h18v-2H3v2zm0-5h18v-2H3v2zm0-7v2h18V6H3z"></path></svg><p class="chakra-text css-enebnb">Categories</p></button></div></div><div class="css-1o5imin"><div class="chakra-stack css-1dmkkkz"><button type="button" class="chakra-button css-17zlqvn" data-testid="back-link"><span class="chakra-button__icon css-1wh2kri"><svg stroke="currentColor" fill="currentColor" stroke-width="0" viewBox="0 0 24 24" color="#00817F" aria-hidden="true" focusable="false" height="1.25rem" width="1.25rem" xmlns="http://www.w3.org/2000/svg" style="color: rgb(0, 129, 127);"><path d="M20 11H7.83l5.59-5.59L12 4l-8 8 8 8 1.41-1.41L7.83 13H20v-2z"></path></svg></span>East Asian Foods</button><h3 class="chakra-heading css-1rllo7m" data-testid="category-name">Condiments, Sauces &amp; Oil</h3><div class="css-1kkjkbw"><div data-testid="plp-navigation" class="css-uwwqev"><hr aria-orientation="horizontal" class="chakra-divider css-1ap8ayt"><div class="css-u0o8n8"><div data-testid="link-list" class="css-uwwqev"><div data-testid="vertical-scroller-container" class="link-list-maxH css-13sh9ng"><ul role="list" class="css-pc4dq5"><li data-testid="link-list-item" class="link-list-item css-pqixsk"><a class="chakra-link css-1o1i5mr" data-testid="nav-list-link" href="/food/international-foods/east-asian-foods/condiments-sauces-oil/c/58472">See All</a></li></ul></div></div></div></div></div></div></div><div class="css-nb7t7f" style="justify-content: flex-start; flex: 1 1 0%;"><div class="css-0" style="width: 100%; margin-right: 20px;"><button type="button" class="chakra-button css-iepidu"><svg stroke="currentColor" fill="currentColor" stroke-width="0" viewBox="0 0 24 24" focusable="false" class="chakra-icon css-1roiikw" role="img" aria-hidden="true" height="1em" width="1em" xmlns="http://www.w3.org/2000/svg"><path d="M3 18h18v-2H3v2zm0-5h18v-2H3v2zm0-7v2h18V6H3z"></path></svg><p class="chakra-text css-enebnb">Filters</p></button></div></div></div><div class="css-k008qs"><div class="css-0"><div role="group" aria-label="Quick filters" class="css-2imjyh"><div class="css-p58oka"><div class="css-1gu6m02"><label class="chakra-checkbox css-2lej6t" data-testid="checkbox"><input class="chakra-checkbox__input" type="checkbox" name="Deals" value="" style="border: 0px; clip: rect(0px, 0px, 0px, 0px); height: 1px; width: 1px; margin: -1px; padding: 0px; overflow: hidden; white-space: nowrap; position: absolute;"><span class="chakra-checkbox__control css-fqst55" aria-hidden="true"></span><span class="chakra-checkbox__label css-1d3ztlz">Deals</span></label><span tabindex="-1" class="css-0"></span></div><div class="css-1gu6m02"></div></div></div></div><div class="css-17xejub"></div><div class="css-1o5imin"></div></div><div class="css-1art13b"><div class="css-1c6aozh"><svg stroke="currentColor" fill="currentColor" stroke-width="0" viewBox="0 0 24 24" focusable="false" class="chakra-icon css-mj81td" aria-hidden="true" height="1em" width="1em" xmlns="http://www.w3.org/2000/svg"><path d="M11 17h2v-6h-2v6zm1-15C6.48 2 2 6.48 2 12s4.48 10 10 10 10-4.48 10-10S17.52 2 12 2zm0 18c-4.41 0-8-3.59-8-8s3.59-8 8-8 8 3.59 8 8-3.59 8-8 8zM11 9h2V7h-2v2z"></path></svg><p class="chakra-text css-1na1tkp" data-testid="sub-heading">Prices are subject to change based on offers available at pickup time. Your total and receipt will reflect any changes.</p></div></div><div data-testid="product-grid" class="css-epcqr3"><div class="css-0"><div class="css-f5i5wc"><div class="chakra-linkbox css-vhnn8v"><div data-testid="product-image" class="css-16dr4ly"><img alt="Lee Kum Kee Hoisin Squeeze Sauce 443 ml, $0.74/100ml" src="https://assets.shop.loblaws.ca/products/20045048/b3/en/front/20045048_front_a06_@2.png" srcset="https://assets.shop.loblaws.ca/products/20045048/b3/en/front/20045048_front_a06_@2.png 1x, https://assets.shop.loblaws.ca/products/20045048/b3/en/front/20045048_front_a06_@2.png 2x" loading="lazy" class="chakra-image css-oguq8l" aria-hidden="true"></div><div class="css-qoklea"><div class="css-12dchmx"></div><div data-testid="price-product-tile" class="css-8atqhb"><p class="chakra-text css-0"><span class="chakra-text css-pwnbcb" data-testid="regular-price"><span class="css-idkz9h">$3.29</span>$3.29</span></p><p class="chakra-text css-0"></p></div><a href="/hoisin-squeeze-sauce/p/20045048_EA" class="chakra-linkbox__overlay css-1hnz6hu"><div class="css-0"><p class="chakra-text css-1ecdp9w" data-testid="product-brand">Lee Kum Kee</p><h3 class="chakra-heading css-6qrhwc" id="20045048_EA" data-testid="product-title">Hoisin Squeeze Sauce</h3><p class="chakra-text css-1yftjin" data-testid="product-package-size">443 ml, $0.74/100ml</p></div></a><div class="css-8keand"></div></div><div class="css-1q5omjq"><div class="css-fcebb8"><div data-testid="atc-compact" class="css-y94ivq" style="width: 45px;"><button type="button" class="chakra-button css-mudsm6" data-testid="atc-button"><svg stroke="currentColor" fill="currentColor" stroke-width="0" viewBox="0 0 24 24" focusable="false" class="chakra-icon css-1g3sp7a" data-testid="btn-icon" aria-hidden="true" height="1em" width="1em" xmlns="http://www.w3.org/2000/svg"><path d="M19 13h-6v6h-2v-6H5v-2h6V5h2v6h6v2z"></path></svg><span class="css-idkz9h">Add Hoisin Squeeze Sauce to cart</span></button></div></div></div></div></div></div><div class="css-0"><div class="css-f5i5wc"><div class="chakra-linkbox css-vhnn8v"><div data-testid="product-image" class="css-16dr4ly"><img alt="Flying Goose Sriracha Hot Chili Sauce Original 730 ml, $0.55/100ml" src="https://assets.shop.loblaws.ca/products/21499017/b3/en/front/21499017_front_a06_@2.png" srcset="https://assets.shop.loblaws.ca/products/21499017/b3/en/front/21499017_front_a06_@2.png 1x, https://assets.shop.loblaws.ca/products/21499017/b3/en/front/21499017_front_a06_@2.png 2x" loading="lazy" class="chakra-image css-oguq8l" aria-hidden="true"></div><div class="css-qoklea"><div class="css-12dchmx"></div><div data-testid="price-product-tile" class="css-8atqhb"><p class="chakra-text css-0"><span class="chakra-text css-o93gbd" data-testid="sale-price"><span class="css-idkz9h">$3.99</span>$3.99</span><span class="chakra-text css-623q5h" data-testid="was-price"><span class="css-idkz9h">$5.49</span>$5.49</span></p><p class="chakra-text css-1m5a6y8" data-testid="price-descriptor">SAVE $1.50</p><p class="chakra-text css-0"></p></div><a href="/sriracha-hot-chili-sauce-original/p/21499017_EA" class="chakra-linkbox__overlay css-1hnz6hu"><div class="css-0"><p class="chakra-text css-1ecdp9w" data-testid="product-brand">Flying Goose</p><h3 class="chakra-heading css-6qrhwc" id="21499017_EA" data-testid="product-title">Sriracha Hot Chili Sauce Original</h3><p class="chakra-text css-1yftjin" data-testid="product-package-size">730 ml, $0.55/100ml</p></div></a><div class="css-8keand"></div></div><div class="css-1q5omjq"><div class="css-fcebb8"><div data-testid="atc-compact" class="css-y94ivq" style="width: 45px;"><button type="button" class="chakra-button css-mudsm6" data-testid="atc-button"><svg stroke="currentColor" fill="currentColor" stroke-width="0" viewBox="0 0 24 24" focusable="false" class="chakra-icon css-1g3sp7a" data-testid="btn-icon" aria-hidden="true" height="1em" width="1em" xmlns="http://www.w3.org/2000/svg"><path d="M19 13h-6v6h-2v-6H5v-2h6V5h2v6h6v2z"></path></svg><span class="css-idkz9h">Add Sriracha Hot Chili Sauce Original to cart</span></button></div></div></div></div></div></div><div class="css-0"><div class="css-f5i5wc"><div class="chakra-linkbox css-vhnn8v"><div data-testid="product-image" class="css-16dr4ly"><img alt="Lee Kum Kee Panda Brand Oyster Sauce 510 ml, $0.78/100g" src="https://assets.shop.loblaws.ca/products/20139600/b3/en/front/20139600_front_a06_@2.png" srcset="https://assets.shop.loblaws.ca/products/20139600/b3/en/front/20139600_front_a06_@2.png 1x, https://assets.shop.loblaws.ca/products/20139600/b3/en/front/20139600_front_a06_@2.png 2x" loading="lazy" class="chakra-image css-oguq8l" aria-hidden="true"></div><div class="css-qoklea"><div class="css-12dchmx"></div><div data-testid="price-product-tile" class="css-8atqhb"><p class="chakra-text css-0"><span class="chakra-text css-pwnbcb" data-testid="regular-price"><span class="css-idkz9h">$3.99</span>$3.99</span></p><p class="chakra-text css-0"></p></div><a href="/panda-brand-oyster-sauce/p/20139600_EA" class="chakra-linkbox__overlay css-1hnz6hu"><div class="css-0"><p class="chakra-text css-1ecdp9w" data-testid="product-brand">Lee Kum Kee</p><h3 class="chakra-heading css-6qrhwc" id="20139600_EA" data-testid="product-title">Panda Brand Oyster Sauce</h3><p class="chakra-text css-1yftjin" data-testid="product-package-size">510 ml, $0.78/100g</p></div></a><div class="css-8keand"></div></div><div class="css-1q5omjq"><div class="css-fcebb8"><div data-testid="atc-compact" class="css-y94ivq" style="width: 45px;"><button type="button" class="chakra-button css-mudsm6" data-testid="atc-button"><svg stroke="currentColor" fill="currentColor" stroke-width="0" viewBox="0 0 24 24" focusable="false" class="chakra-icon css-1g3sp7a" data-testid="btn-icon" aria-hidden="true" height="1em" width="1em" xmlns="http://www.w3.org/2000/svg"><path d="M19 13h-6v6h-2v-6H5v-2h6V5h2v6h6v2z"></path></svg><span class="css-idkz9h">Add Panda Brand Oyster Sauce to cart</span></button></div></div></div></div></div></div><div class="css-0"><div class="css-f5i5wc"><div class="chakra-linkbox css-vhnn8v"><div data-testid="product-image" class="css-16dr4ly"><img alt="QP Kewpie Mayonnaise 517 ml, $1.35/100ml" src="https://assets.shop.loblaws.ca/products/21064091/b3/en/front/21064091_front_a06_@2.png" srcset="https://assets.shop.loblaws.ca/products/21064091/b3/en/front/21064091_front_a06_@2.png 1x, https://assets.shop.loblaws.ca/products/21064091/b3/en/front/21064091_front_a06_@2.png 2x" loading="lazy" class="chakra-image css-oguq8l" aria-hidden="true"></div><div class="css-qoklea"><div class="css-12dchmx"></div><div data-testid="price-product-tile" class="css-8atqhb"><p class="chakra-text css-0"><span class="chakra-text css-o93gbd" data-testid="sale-price"><span class="css-idkz9h">$6.99</span>$6.99</span><span class="chakra-text css-623q5h" data-testid="was-price"><span class="css-idkz9h">$7.49</span>$7.49</span></p><p class="chakra-text css-1m5a6y8" data-testid="price-descriptor">SAVE $0.50</p><p class="chakra-text css-0"></p></div><a href="/kewpie-mayonnaise/p/21064091_EA" class="chakra-linkbox__overlay css-1hnz6hu"><div class="css-0"><p class="chakra-text css-1ecdp9w" data-testid="product-brand">QP</p><h3 class="chakra-heading css-6qrhwc" id="21064091_EA" data-testid="product-title">Kewpie Mayonnaise</h3><p class="chakra-text css-1yftjin" data-testid="product-package-size">517 ml, $1.35/100ml</p></div></a><div class="css-8keand"></div></div><div class="css-1q5omjq"><div class="css-fcebb8"><div data-testid="atc-compact" class="css-y94ivq" style="width: 45px;"><button type="button" class="chakra-button css-mudsm6" data-testid="atc-button"><svg stroke="currentColor" fill="currentColor" stroke-width="0" viewBox="0 0 24 24" focusable="false" class="chakra-icon css-1g3sp7a" data-testid="btn-icon" aria-hidden="true" height="1em" width="1em" xmlns="http://www.w3.org/2000/svg"><path d="M19 13h-6v6h-2v-6H5v-2h6V5h2v6h6v2z"></path></svg><span class="css-idkz9h">Add Kewpie Mayonnaise to cart</span></button></div></div></div></div></div></div><div class="css-0"><div class="css-f5i5wc"><div class="chakra-linkbox css-vhnn8v"><div data-testid="product-image" class="css-16dr4ly"><img alt="Kikkoman Soy Sauce 591 ml, $1.35/100ml" src="https://assets.shop.loblaws.ca/products/20139275/b3/en/front/20139275_front_a06_@2.png" srcset="https://assets.shop.loblaws.ca/products/20139275/b3/en/front/20139275_front_a06_@2.png 1x, https://assets.shop.loblaws.ca/products/20139275/b3/en/front/20139275_front_a06_@2.png 2x" loading="lazy" class="chakra-image css-oguq8l" aria-hidden="true"></div><div class="css-qoklea"><div class="css-12dchmx"></div><div data-testid="price-product-tile" class="css-8atqhb"><p class="chakra-text css-0"><span class="chakra-text css-pwnbcb" data-testid="regular-price"><span class="css-idkz9h">$7.99</span>$7.99</span></p><p class="chakra-text css-0"></p></div><a href="/soy-sauce/p/20139275_EA" class="chakra-linkbox__overlay css-1hnz6hu"><div class="css-0"><p class="chakra-text css-1ecdp9w" data-testid="product-brand">Kikkoman</p><h3 class="chakra-heading css-6qrhwc" id="20139275_EA" data-testid="product-title">Soy Sauce</h3><p class="chakra-text css-1yftjin" data-testid="product-package-size">591 ml, $1.35/100ml</p></div></a><div class="css-8keand"></div></div><div class="css-1q5omjq"><div class="css-fcebb8"><div data-testid="atc-compact" class="css-y94ivq" style="width: 45px;"><button type="button" class="chakra-button css-mudsm6" data-testid="atc-button"><svg stroke="currentColor" fill="currentColor" stroke-width="0" viewBox="0 0 24 24" focusable="false" class="chakra-icon css-1g3sp7a" data-testid="btn-icon" aria-hidden="true" height="1em" width="1em" xmlns="http://www.w3.org/2000/svg"><path d="M19 13h-6v6h-2v-6H5v-2h6V5h2v6h6v2z"></path></svg><span class="css-idkz9h">Add Soy Sauce to cart</span></button></div></div></div></div></div></div><div class="css-0"><div class="css-f5i5wc"><div class="chakra-linkbox css-vhnn8v"><div data-testid="product-image" class="css-16dr4ly"><img alt="Lao Gan Ma Chili Paste 340 g, $1.66/100g" src="https://assets.shop.loblaws.ca/products/20874066/b3/en/front/20874066_front_a06_@2.png" srcset="https://assets.shop.loblaws.ca/products/20874066/b3/en/front/20874066_front_a06_@2.png 1x, https://assets.shop.loblaws.ca/products/20874066/b3/en/front/20874066_front_a06_@2.png 2x" loading="lazy" class="chakra-image css-oguq8l" aria-hidden="true"></div><div class="css-qoklea"><div class="css-12dchmx"></div><div data-testid="price-product-tile" class="css-8atqhb"><p class="chakra-text css-0"><span class="chakra-text css-pwnbcb" data-testid="regular-price"><span class="css-idkz9h">$3.49</span>$3.49</span></p><p class="chakra-text css-0"></p></div><a href="/chili-paste/p/20874066_EA" class="chakra-linkbox__overlay css-1hnz6hu"><div class="css-0"><p class="chakra-text css-1ecdp9w" data-testid="product-brand">Lao Gan Ma</p><h3 class="chakra-heading css-6qrhwc" id="20874066_EA" data-testid="product-title">Chili Paste</h3><p class="chakra-text css-1yftjin" data-testid="product-package-size">340 g, $1.66/100g</p></div></a><div class="css-8keand"></div></div><div class="css-1q5omjq"><div class="css-fcebb8"><div data-testid="atc-compact" class="css-y94ivq" style="width: 45px;"><button type="button" class="chakra-button css-mudsm6" data-testid="atc-button"><svg stroke="currentColor" fill="currentColor" stroke-width="0" viewBox="0 0 24 24" focusable="false" class="chakra-icon css-1g3sp7a" data-testid="btn-icon" aria-hidden="true" height="1em" width="1em" xmlns="http://www.w3.org/2000/svg"><path d="M19 13h-6v6h-2v-6H5v-2h6V5h2v6h6v2z"></path></svg><span class="css-idkz9h">Add Chili Paste to cart</span></button></div></div></div></div></div></div><div class="css-0"><div class="css-f5i5wc"><div class="chakra-linkbox css-vhnn8v"><div data-testid="product-image" class="css-16dr4ly"><img alt="Lee Kum Kee Pure Sesame Oil 443 ml, $1.57/100ml" src="https://assets.shop.loblaws.ca/products/20165080/b3/en/front/20165080_front_a06_@2.png" srcset="https://assets.shop.loblaws.ca/products/20165080/b3/en/front/20165080_front_a06_@2.png 1x, https://assets.shop.loblaws.ca/products/20165080/b3/en/front/20165080_front_a06_@2.png 2x" loading="lazy" class="chakra-image css-oguq8l" aria-hidden="true"></div><div class="css-qoklea"><div class="css-12dchmx"></div><div data-testid="price-product-tile" class="css-8atqhb"><p class="chakra-text css-0"><span class="chakra-text css-pwnbcb" data-testid="regular-price"><span class="css-idkz9h">$6.99</span>$6.99</span></p><p class="chakra-text css-0"></p></div><a href="/pure-sesame-oil/p/20165080_EA" class="chakra-linkbox__overlay css-1hnz6hu"><div class="css-0"><p class="chakra-text css-1ecdp9w" data-testid="product-brand">Lee Kum Kee</p><h3 class="chakra-heading css-6qrhwc" id="20165080_EA" data-testid="product-title">Pure Sesame Oil</h3><p class="chakra-text css-1yftjin" data-testid="product-package-size">443 ml, $1.57/100ml</p></div></a><div class="css-8keand"></div></div><div class="css-1q5omjq"><div class="css-fcebb8"><div data-testid="atc-compact" class="css-y94ivq" style="width: 45px;"><button type="button" class="chakra-button css-mudsm6" data-testid="atc-button"><svg stroke="currentColor" fill="currentColor" stroke-width="0" viewBox="0 0 24 24" focusable="false" class="chakra-icon css-1g3sp7a" data-testid="btn-icon" aria-hidden="true" height="1em" width="1em" xmlns="http://www.w3.org/2000/svg"><path d="M19 13h-6v6h-2v-6H5v-2h6V5h2v6h6v2z"></path></svg><span class="css-idkz9h">Add Pure Sesame Oil to cart</span></button></div></div></div></div></div></div><div class="css-0"><div class="css-f5i5wc"><div class="chakra-linkbox css-vhnn8v"><div data-testid="product-image" class="css-16dr4ly"><img alt="Uni Eagle Sriracha Hot Chilli Sauce 815 g, $0.67/100g" src="https://assets.shop.loblaws.ca/products/21499504/b3/en/front/21499504_front_a06_@2.png" srcset="https://assets.shop.loblaws.ca/products/21499504/b3/en/front/21499504_front_a06_@2.png 1x, https://assets.shop.loblaws.ca/products/21499504/b3/en/front/21499504_front_a06_@2.png 2x" loading="lazy" class="chakra-image css-oguq8l" aria-hidden="true"></div><div class="css-qoklea"><div class="css-12dchmx"></div><div data-testid="price-product-tile" class="css-8atqhb"><p class="chakra-text css-0"><span class="chakra-text css-pwnbcb" data-testid="regular-price"><span class="css-idkz9h">$5.49</span>$5.49</span></p><p class="chakra-text css-0"></p></div><a href="/sriracha-hot-chilli-sauce/p/21499504_EA" class="chakra-linkbox__overlay css-1hnz6hu"><div class="css-0"><p class="chakra-text css-1ecdp9w" data-testid="product-brand">Uni Eagle</p><h3 class="chakra-heading css-6qrhwc" id="21499504_EA" data-testid="product-title">Sriracha Hot Chilli Sauce</h3><p class="chakra-text css-1yftjin" data-testid="product-package-size">815 g, $0.67/100g</p></div></a><div class="css-8keand"></div></div><div class="css-1q5omjq"><div class="css-fcebb8"><div data-testid="atc-compact" class="css-y94ivq" style="width: 45px;"><button type="button" class="chakra-button css-mudsm6" data-testid="atc-button"><svg stroke="currentColor" fill="currentColor" stroke-width="0" viewBox="0 0 24 24" focusable="false" class="chakra-icon css-1g3sp7a" data-testid="btn-icon" aria-hidden="true" height="1em" width="1em" xmlns="http://www.w3.org/2000/svg"><path d="M19 13h-6v6h-2v-6H5v-2h6V5h2v6h6v2z"></path></svg><span class="css-idkz9h">Add Sriracha Hot Chilli Sauce to cart</span></button></div></div></div></div></div></div><div class="css-0"><div class="css-f5i5wc"><div class="chakra-linkbox css-vhnn8v"><div data-testid="product-image" class="css-16dr4ly"><img alt="Cock Chili Sauce for Chicken 650 ml, $0.84/100ml" src="https://assets.shop.loblaws.ca/products/20149074/b3/en/front/20149074_front_a06_@2.png" srcset="https://assets.shop.loblaws.ca/products/20149074/b3/en/front/20149074_front_a06_@2.png 1x, https://assets.shop.loblaws.ca/products/20149074/b3/en/front/20149074_front_a06_@2.png 2x" loading="lazy" class="chakra-image css-oguq8l" aria-hidden="true"></div><div class="css-qoklea"><div class="css-12dchmx"></div><div data-testid="price-product-tile" class="css-8atqhb"><p class="chakra-text css-0"><span class="chakra-text css-pwnbcb" data-testid="regular-price"><span class="css-idkz9h">$5.49</span>$5.49</span></p><p class="chakra-text css-0"></p></div><a href="/chili-sauce-for-chicken/p/20149074_EA" class="chakra-linkbox__overlay css-1hnz6hu"><div class="css-0"><p class="chakra-text css-1ecdp9w" data-testid="product-brand">Cock</p><h3 class="chakra-heading css-6qrhwc" id="20149074_EA" data-testid="product-title">Chili Sauce for Chicken</h3><p class="chakra-text css-1yftjin" data-testid="product-package-size">650 ml, $0.84/100ml</p></div></a><div class="css-8keand"></div></div><div class="css-1q5omjq"><div class="css-fcebb8"><div data-testid="atc-compact" class="css-y94ivq" style="width: 45px;"><button type="button" class="chakra-button css-mudsm6" data-testid="atc-button"><svg stroke="currentColor" fill="currentColor" stroke-width="0" viewBox="0 0 24 24" focusable="false" class="chakra-icon css-1g3sp7a" data-testid="btn-icon" aria-hidden="true" height="1em" width="1em" xmlns="http://www.w3.org/2000/svg"><path d="M19 13h-6v6h-2v-6H5v-2h6V5h2v6h6v2z"></path></svg><span class="css-idkz9h">Add Chili Sauce for Chicken to cart</span></button></div></div></div></div></div></div><div class="css-0"><div class="css-f5i5wc"><div class="chakra-linkbox css-vhnn8v"><div data-testid="product-image" class="css-16dr4ly"><img alt="Cock Sweet Chili Sauce for Chicken 290 ml, $1.03/100ml" src="https://assets.shop.loblaws.ca/products/20214568/b3/en/front/20214568_front_a06_@2.png" srcset="https://assets.shop.loblaws.ca/products/20214568/b3/en/front/20214568_front_a06_@2.png 1x, https://assets.shop.loblaws.ca/products/20214568/b3/en/front/20214568_front_a06_@2.png 2x" loading="lazy" class="chakra-image css-oguq8l" aria-hidden="true"></div><div class="css-qoklea"><div class="css-12dchmx"></div><div data-testid="price-product-tile" class="css-8atqhb"><p class="chakra-text css-0"><span class="chakra-text css-pwnbcb" data-testid="regular-price"><span class="css-idkz9h">$2.99</span>$2.99</span></p><p class="chakra-text css-0"></p></div><a href="/sweet-chili-sauce-for-chicken/p/20214568_EA" class="chakra-linkbox__overlay css-1hnz6hu"><div class="css-0"><p class="chakra-text css-1ecdp9w" data-testid="product-brand">Cock</p><h3 class="chakra-heading css-6qrhwc" id="20214568_EA" data-testid="product-title">Sweet Chili Sauce for Chicken</h3><p class="chakra-text css-1yftjin" data-testid="product-package-size">290 ml, $1.03/100ml</p></div></a><div class="css-8keand"></div></div><div class="css-1q5omjq"><div class="css-fcebb8"><div data-testid="atc-compact" class="css-y94ivq" style="width: 45px;"><button type="button" class="chakra-button css-mudsm6" data-testid="atc-button"><svg stroke="currentColor" fill="currentColor" stroke-width="0" viewBox="0 0 24 24" focusable="false" class="chakra-icon css-1g3sp7a" data-testid="btn-icon" aria-hidden="true" height="1em" width="1em" xmlns="http://www.w3.org/2000/svg"><path d="M19 13h-6v6h-2v-6H5v-2h6V5h2v6h6v2z"></path></svg><span class="css-idkz9h">Add Sweet Chili Sauce for Chicken to cart</span></button></div></div></div></div></div></div><div class="css-0"><div class="css-f5i5wc"><div class="chakra-linkbox css-vhnn8v"><div data-testid="product-image" class="css-16dr4ly"><img alt="Kikkoman Soy Sauce All Purpose Seasoning Less Sodium 591 ml, $1.40/100ml" src="https://assets.shop.loblaws.ca/products/21456720/b3/en/front/21456720_front_a06_@2.png" srcset="https://assets.shop.loblaws.ca/products/21456720/b3/en/front/21456720_front_a06_@2.png 1x, https://assets.shop.loblaws.ca/products/21456720/b3/en/front/21456720_front_a06_@2.png 2x" loading="lazy" class="chakra-image css-oguq8l" aria-hidden="true"></div><div class="css-qoklea"><div class="css-12dchmx"></div><div data-testid="price-product-tile" class="css-8atqhb"><p class="chakra-text css-0"><span class="chakra-text css-pwnbcb" data-testid="regular-price"><span class="css-idkz9h">$8.29</span>$8.29</span></p><p class="chakra-text css-0"></p></div><a href="/soy-sauce-all-purpose-seasoning-less-sodium/p/21456720_EA" class="chakra-linkbox__overlay css-1hnz6hu"><div class="css-0"><p class="chakra-text css-1ecdp9w" data-testid="product-brand">Kikkoman</p><h3 class="chakra-heading css-6qrhwc" id="21456720_EA" data-testid="product-title">Soy Sauce All Purpose Seasoning Less Sodium</h3><p class="chakra-text css-1yftjin" data-testid="product-package-size">591 ml, $1.40/100ml</p></div></a><div class="css-8keand"></div></div><div class="css-1q5omjq"><div class="css-fcebb8"><div data-testid="atc-compact" class="css-y94ivq" style="width: 45px;"><button type="button" class="chakra-button css-mudsm6" data-testid="atc-button"><svg stroke="currentColor" fill="currentColor" stroke-width="0" viewBox="0 0 24 24" focusable="false" class="chakra-icon css-1g3sp7a" data-testid="btn-icon" aria-hidden="true" height="1em" width="1em" xmlns="http://www.w3.org/2000/svg"><path d="M19 13h-6v6h-2v-6H5v-2h6V5h2v6h6v2z"></path></svg><span class="css-idkz9h">Add Soy Sauce All Purpose Seasoning Less Sodium to cart</span></button></div></div></div></div></div></div><div class="css-0"><div class="css-f5i5wc"><div class="chakra-linkbox css-vhnn8v"><div data-testid="product-image" class="css-16dr4ly"><img alt="Lee Kum Kee Soy Sauce 500 ml, $0.56/100ml" src="https://assets.shop.loblaws.ca/products/20703399/b3/en/front/20703399_front_a06_@2.png" srcset="https://assets.shop.loblaws.ca/products/20703399/b3/en/front/20703399_front_a06_@2.png 1x, https://assets.shop.loblaws.ca/products/20703399/b3/en/front/20703399_front_a06_@2.png 2x" loading="lazy" class="chakra-image css-oguq8l" aria-hidden="true"></div><div class="css-qoklea"><div class="css-12dchmx"></div><div data-testid="price-product-tile" class="css-8atqhb"><p class="chakra-text css-0"><span class="chakra-text css-pwnbcb" data-testid="regular-price"><span class="css-idkz9h">$2.79</span>$2.79</span></p><p class="chakra-text css-0"></p></div><a href="/soy-sauce/p/20703399_EA" class="chakra-linkbox__overlay css-1hnz6hu"><div class="css-0"><p class="chakra-text css-1ecdp9w" data-testid="product-brand">Lee Kum Kee</p><h3 class="chakra-heading css-6qrhwc" id="20703399_EA" data-testid="product-title">Soy Sauce</h3><p class="chakra-text css-1yftjin" data-testid="product-package-size">500 ml, $0.56/100ml</p></div></a><div class="css-8keand"></div></div><div class="css-1q5omjq"><div class="css-fcebb8"><div data-testid="atc-compact" class="css-y94ivq" style="width: 45px;"><button type="button" class="chakra-button css-mudsm6" data-testid="atc-button"><svg stroke="currentColor" fill="currentColor" stroke-width="0" viewBox="0 0 24 24" focusable="false" class="chakra-icon css-1g3sp7a" data-testid="btn-icon" aria-hidden="true" height="1em" width="1em" xmlns="http://www.w3.org/2000/svg"><path d="M19 13h-6v6h-2v-6H5v-2h6V5h2v6h6v2z"></path></svg><span class="css-idkz9h">Add Soy Sauce to cart</span></button></div></div></div></div></div></div><div class="css-0"><div class="css-f5i5wc"><div class="chakra-linkbox css-vhnn8v"><div data-testid="product-image" class="css-16dr4ly"><img alt="Lee Kum Kee Soy Sauce Premium 500 ml, $0.86/100ml" src="https://assets.shop.loblaws.ca/products/20026520/b3/en/front/20026520_front_a06_@2.png" srcset="https://assets.shop.loblaws.ca/products/20026520/b3/en/front/20026520_front_a06_@2.png 1x, https://assets.shop.loblaws.ca/products/20026520/b3/en/front/20026520_front_a06_@2.png 2x" loading="lazy" class="chakra-image css-oguq8l" aria-hidden="true"></div><div class="css-qoklea"><div class="css-12dchmx"></div><div data-testid="price-product-tile" class="css-8atqhb"><p class="chakra-text css-0"><span class="chakra-text css-pwnbcb" data-testid="regular-price"><span class="css-idkz9h">$4.29</span>$4.29</span></p><p class="chakra-text css-0"></p></div><a href="/soy-sauce-premium/p/20026520_EA" class="chakra-linkbox__overlay css-1hnz6hu"><div class="css-0"><p class="chakra-text css-1ecdp9w" data-testid="product-brand">Lee Kum Kee</p><h3 class="chakra-heading css-6qrhwc" id="20026520_EA" data-testid="product-title">Soy Sauce Premium</h3><p class="chakra-text css-1yftjin" data-testid="product-package-size">500 ml, $0.86/100ml</p></div></a><div class="css-8keand"></div></div><div class="css-1q5omjq"><div class="css-fcebb8"><div data-testid="atc-compact" class="css-y94ivq" style="width: 45px;"><button type="button" class="chakra-button css-mudsm6" data-testid="atc-button"><svg stroke="currentColor" fill="currentColor" stroke-width="0" viewBox="0 0 24 24" focusable="false" class="chakra-icon css-1g3sp7a" data-testid="btn-icon" aria-hidden="true" height="1em" width="1em" xmlns="http://www.w3.org/2000/svg"><path d="M19 13h-6v6h-2v-6H5v-2h6V5h2v6h6v2z"></path></svg><span class="css-idkz9h">Add Soy Sauce Premium to cart</span></button></div></div></div></div></div></div><div class="css-0"><div class="css-f5i5wc"><div class="chakra-linkbox css-vhnn8v"><div data-testid="product-image" class="css-16dr4ly"><img alt="Foreway Pure Sesame Oil 370 ml, $1.75/100ml" src="https://assets.shop.loblaws.ca/products/20287680/b3/en/front/20287680_front_a06_@2.png" srcset="https://assets.shop.loblaws.ca/products/20287680/b3/en/front/20287680_front_a06_@2.png 1x, https://assets.shop.loblaws.ca/products/20287680/b3/en/front/20287680_front_a06_@2.png 2x" loading="lazy" class="chakra-image css-oguq8l" aria-hidden="true"></div><div class="css-qoklea"><div class="css-12dchmx"></div><div data-testid="price-product-tile" class="css-8atqhb"><p class="chakra-text css-0"><span class="chakra-text css-pwnbcb" data-testid="regular-price"><span class="css-idkz9h">$6.49</span>$6.49</span></p><p class="chakra-text css-0"></p></div><a href="/pure-sesame-oil/p/20287680_EA" class="chakra-linkbox__overlay css-1hnz6hu"><div class="css-0"><p class="chakra-text css-1ecdp9w" data-testid="product-brand">Foreway</p><h3 class="chakra-heading css-6qrhwc" id="20287680_EA" data-testid="product-title">Pure Sesame Oil</h3><p class="chakra-text css-1yftjin" data-testid="product-package-size">370 ml, $1.75/100ml</p></div></a><div class="css-8keand"></div></div><div class="css-1q5omjq"><div class="css-fcebb8"><div data-testid="atc-compact" class="css-y94ivq" style="width: 45px;"><button type="button" class="chakra-button css-mudsm6" data-testid="atc-button"><svg stroke="currentColor" fill="currentColor" stroke-width="0" viewBox="0 0 24 24" focusable="false" class="chakra-icon css-1g3sp7a" data-testid="btn-icon" aria-hidden="true" height="1em" width="1em" xmlns="http://www.w3.org/2000/svg"><path d="M19 13h-6v6h-2v-6H5v-2h6V5h2v6h6v2z"></path></svg><span class="css-idkz9h">Add Pure Sesame Oil to cart</span></button></div></div><div class="css-4saf4a"><p class="chakra-text css-py8788" data-testid="inventory-badge-text">Low Stock</p></div></div></div></div></div><div class="css-0"><div class="css-f5i5wc"><div class="chakra-linkbox css-vhnn8v"><div data-testid="product-image" class="css-16dr4ly"><img alt="Foreway Pure Sesame Oil     185 ml, $2.59/100ml" src="https://assets.shop.loblaws.ca/products/20112073/b3/en/front/20112073_front_a06_@2.png" srcset="https://assets.shop.loblaws.ca/products/20112073/b3/en/front/20112073_front_a06_@2.png 1x, https://assets.shop.loblaws.ca/products/20112073/b3/en/front/20112073_front_a06_@2.png 2x" loading="lazy" class="chakra-image css-oguq8l" aria-hidden="true"></div><div class="css-qoklea"><div class="css-12dchmx"></div><div data-testid="price-product-tile" class="css-8atqhb"><p class="chakra-text css-0"><span class="chakra-text css-pwnbcb" data-testid="regular-price"><span class="css-idkz9h">$4.79</span>$4.79</span></p><p class="chakra-text css-0"></p></div><a href="/pure-sesame-oil/p/20112073_EA" class="chakra-linkbox__overlay css-1hnz6hu"><div class="css-0"><p class="chakra-text css-1ecdp9w" data-testid="product-brand">Foreway</p><h3 class="chakra-heading css-6qrhwc" id="20112073_EA" data-testid="product-title">Pure Sesame Oil    </h3><p class="chakra-text css-1yftjin" data-testid="product-package-size">185 ml, $2.59/100ml</p></div></a><div class="css-8keand"></div></div><div class="css-1q5omjq"><div class="css-fcebb8"><div data-testid="atc-compact" class="css-y94ivq" style="width: 45px;"><button type="button" class="chakra-button css-mudsm6" data-testid="atc-button"><svg stroke="currentColor" fill="currentColor" stroke-width="0" viewBox="0 0 24 24" focusable="false" class="chakra-icon css-1g3sp7a" data-testid="btn-icon" aria-hidden="true" height="1em" width="1em" xmlns="http://www.w3.org/2000/svg"><path d="M19 13h-6v6h-2v-6H5v-2h6V5h2v6h6v2z"></path></svg><span class="css-idkz9h">Add Pure Sesame Oil     to cart</span></button></div></div></div></div></div></div><div class="css-0"><div class="css-f5i5wc"><div class="chakra-linkbox css-vhnn8v"><div data-testid="product-image" class="css-16dr4ly"><img alt="China Lily Soy Sauce 483 ml, $0.72/100ml" src="https://assets.shop.loblaws.ca/products/20072045/b3/en/front/20072045_front_a06_@2.png" srcset="https://assets.shop.loblaws.ca/products/20072045/b3/en/front/20072045_front_a06_@2.png 1x, https://assets.shop.loblaws.ca/products/20072045/b3/en/front/20072045_front_a06_@2.png 2x" loading="lazy" class="chakra-image css-oguq8l" aria-hidden="true"></div><div class="css-qoklea"><div class="css-12dchmx"></div><div data-testid="price-product-tile" class="css-8atqhb"><p class="chakra-text css-0"><span class="chakra-text css-pwnbcb" data-testid="regular-price"><span class="css-idkz9h">$3.49</span>$3.49</span></p><p class="chakra-text css-0"></p></div><a href="/soy-sauce/p/20072045_EA" class="chakra-linkbox__overlay css-1hnz6hu"><div class="css-0"><p class="chakra-text css-1ecdp9w" data-testid="product-brand">China Lily</p><h3 class="chakra-heading css-6qrhwc" id="20072045_EA" data-testid="product-title">Soy Sauce</h3><p class="chakra-text css-1yftjin" data-testid="product-package-size">483 ml, $0.72/100ml</p></div></a><div class="css-8keand"></div></div><div class="css-1q5omjq"><div class="css-fcebb8"><div data-testid="atc-compact" class="css-y94ivq" style="width: 45px;"><button type="button" class="chakra-button css-mudsm6" data-testid="atc-button"><svg stroke="currentColor" fill="currentColor" stroke-width="0" viewBox="0 0 24 24" focusable="false" class="chakra-icon css-1g3sp7a" data-testid="btn-icon" aria-hidden="true" height="1em" width="1em" xmlns="http://www.w3.org/2000/svg"><path d="M19 13h-6v6h-2v-6H5v-2h6V5h2v6h6v2z"></path></svg><span class="css-idkz9h">Add Soy Sauce to cart</span></button></div></div><div class="css-4saf4a"><p class="chakra-text css-py8788" data-testid="inventory-badge-text">Low Stock</p></div></div></div></div></div><div class="css-0"><div class="css-f5i5wc"><div class="chakra-linkbox css-vhnn8v"><div data-testid="product-image" class="css-16dr4ly"><img alt="Kikkoman Less Sodium Soy Sauce 295 ml, $2.36/100ml" src="https://assets.shop.loblaws.ca/products/20015907/b3/en/front/20015907_front_a06_@2.png" srcset="https://assets.shop.loblaws.ca/products/20015907/b3/en/front/20015907_front_a06_@2.png 1x, https://assets.shop.loblaws.ca/products/20015907/b3/en/front/20015907_front_a06_@2.png 2x" loading="lazy" class="chakra-image css-oguq8l" aria-hidden="true"></div><div class="css-qoklea"><div class="css-12dchmx"></div><div data-testid="price-product-tile" class="css-8atqhb"><p class="chakra-text css-0"><span class="chakra-text css-pwnbcb" data-testid="regular-price"><span class="css-idkz9h">$6.99</span>$6.99</span></p><p class="chakra-text css-0"></p></div><a href="/less-sodium-soy-sauce/p/20015907_EA" class="chakra-linkbox__overlay css-1hnz6hu"><div class="css-0"><p class="chakra-text css-1ecdp9w" data-testid="product-brand">Kikkoman</p><h3 class="chakra-heading css-6qrhwc" id="20015907_EA" data-testid="product-title">Less Sodium Soy Sauce</h3><p class="chakra-text css-1yftjin" data-testid="product-package-size">295 ml, $2.36/100ml</p></div></a><div class="css-8keand"></div></div><div class="css-1q5omjq"><div class="css-fcebb8"><div data-testid="atc-compact" class="css-y94ivq" style="width: 45px;"><button type="button" class="chakra-button css-mudsm6" data-testid="atc-button"><svg stroke="currentColor" fill="currentColor" stroke-width="0" viewBox="0 0 24 24" focusable="false" class="chakra-icon css-1g3sp7a" data-testid="btn-icon" aria-hidden="true" height="1em" width="1em" xmlns="http://www.w3.org/2000/svg"><path d="M19 13h-6v6h-2v-6H5v-2h6V5h2v6h6v2z"></path></svg><span class="css-idkz9h">Add Less Sodium Soy Sauce to cart</span></button></div></div></div></div></div></div><div class="css-0"><div class="css-f5i5wc"><div class="chakra-linkbox css-vhnn8v"><div data-testid="product-image" class="css-16dr4ly"><img alt="T&amp;T Premium Light Soy Sauce 500 ml, $0.60/100ml" src="https://assets.shop.loblaws.ca/products/20698142/b3/en/front/20698142_front_a06_@2.png" srcset="https://assets.shop.loblaws.ca/products/20698142/b3/en/front/20698142_front_a06_@2.png 1x, https://assets.shop.loblaws.ca/products/20698142/b3/en/front/20698142_front_a06_@2.png 2x" loading="lazy" class="chakra-image css-oguq8l" aria-hidden="true"></div><div class="css-qoklea"><div class="css-12dchmx"></div><div data-testid="price-product-tile" class="css-8atqhb"><p class="chakra-text css-0"><span class="chakra-text css-pwnbcb" data-testid="regular-price"><span class="css-idkz9h">$2.99</span>$2.99</span></p><p class="chakra-text css-0"></p></div><a href="/premium-light-soy-sauce/p/20698142_EA" class="chakra-linkbox__overlay css-1hnz6hu"><div class="css-0"><p class="chakra-text css-1ecdp9w" data-testid="product-brand">T&amp;T</p><h3 class="chakra-heading css-6qrhwc" id="20698142_EA" data-testid="product-title">Premium Light Soy Sauce</h3><p class="chakra-text css-1yftjin" data-testid="product-package-size">500 ml, $0.60/100ml</p></div></a><div class="css-8keand"></div></div><div class="css-1q5omjq"><div class="css-fcebb8"><div data-testid="atc-compact" class="css-y94ivq" style="width: 45px;"><button type="button" class="chakra-button css-mudsm6" data-testid="atc-button"><svg stroke="currentColor" fill="currentColor" stroke-width="0" viewBox="0 0 24 24" focusable="false" class="chakra-icon css-1g3sp7a" data-testid="btn-icon" aria-hidden="true" height="1em" width="1em" xmlns="http://www.w3.org/2000/svg"><path d="M19 13h-6v6h-2v-6H5v-2h6V5h2v6h6v2z"></path></svg><span class="css-idkz9h">Add Premium Light Soy Sauce to cart</span></button></div></div></div></div></div></div><div class="css-0"><div class="css-f5i5wc"><div class="chakra-linkbox css-vhnn8v"><div data-testid="product-image" class="css-16dr4ly"><img alt="Lee Kum Kee Dressing, Sriracha Mayonnaise 445 ml, $1.46/100ml" src="https://assets.shop.loblaws.ca/products/20775047/b3/en/front/20775047_front_a06_@2.png" srcset="https://assets.shop.loblaws.ca/products/20775047/b3/en/front/20775047_front_a06_@2.png 1x, https://assets.shop.loblaws.ca/products/20775047/b3/en/front/20775047_front_a06_@2.png 2x" loading="lazy" class="chakra-image css-oguq8l" aria-hidden="true"></div><div class="css-qoklea"><div class="css-12dchmx"></div><div data-testid="price-product-tile" class="css-8atqhb"><p class="chakra-text css-0"><span class="chakra-text css-pwnbcb" data-testid="regular-price"><span class="css-idkz9h">$6.49</span>$6.49</span></p><p class="chakra-text css-0"></p></div><a href="/dressing-sriracha-mayonnaise/p/20775047_EA" class="chakra-linkbox__overlay css-1hnz6hu"><div class="css-0"><p class="chakra-text css-1ecdp9w" data-testid="product-brand">Lee Kum Kee</p><h3 class="chakra-heading css-6qrhwc" id="20775047_EA" data-testid="product-title">Dressing, Sriracha Mayonnaise</h3><p class="chakra-text css-1yftjin" data-testid="product-package-size">445 ml, $1.46/100ml</p></div></a><div class="css-8keand"></div></div><div class="css-1q5omjq"><div class="css-fcebb8"><div data-testid="atc-compact" class="css-y94ivq" style="width: 45px;"><button type="button" class="chakra-button css-mudsm6" data-testid="atc-button"><svg stroke="currentColor" fill="currentColor" stroke-width="0" viewBox="0 0 24 24" focusable="false" class="chakra-icon css-1g3sp7a" data-testid="btn-icon" aria-hidden="true" height="1em" width="1em" xmlns="http://www.w3.org/2000/svg"><path d="M19 13h-6v6h-2v-6H5v-2h6V5h2v6h6v2z"></path></svg><span class="css-idkz9h">Add Dressing, Sriracha Mayonnaise to cart</span></button></div></div></div></div></div></div><div class="css-0"><div class="css-f5i5wc"><div class="chakra-linkbox css-vhnn8v"><div data-testid="product-image" class="css-16dr4ly"><img alt="Lee Kum Kee Less Sodium Soy Sauce 500 ml 500 ml, $1.20/100ml" src="https://assets.shop.loblaws.ca/products/21373645/b3/en/front/21373645_front_a06_@2.png" srcset="https://assets.shop.loblaws.ca/products/21373645/b3/en/front/21373645_front_a06_@2.png 1x, https://assets.shop.loblaws.ca/products/21373645/b3/en/front/21373645_front_a06_@2.png 2x" loading="lazy" class="chakra-image css-oguq8l" aria-hidden="true"></div><div class="css-qoklea"><div class="css-12dchmx"></div><div data-testid="price-product-tile" class="css-8atqhb"><p class="chakra-text css-0"><span class="chakra-text css-pwnbcb" data-testid="regular-price"><span class="css-idkz9h">$5.99</span>$5.99</span></p><p class="chakra-text css-0"></p></div><a href="/less-sodium-soy-sauce-500-ml/p/21373645_EA" class="chakra-linkbox__overlay css-1hnz6hu"><div class="css-0"><p class="chakra-text css-1ecdp9w" data-testid="product-brand">Lee Kum Kee</p><h3 class="chakra-heading css-6qrhwc" id="21373645_EA" data-testid="product-title">Less Sodium Soy Sauce 500 ml</h3><p class="chakra-text css-1yftjin" data-testid="product-package-size">500 ml, $1.20/100ml</p></div></a><div class="css-8keand"></div></div><div class="css-1q5omjq"><div class="css-fcebb8"><div data-testid="atc-compact" class="css-y94ivq" style="width: 45px;"><button type="button" class="chakra-button css-mudsm6" data-testid="atc-button"><svg stroke="currentColor" fill="currentColor" stroke-width="0" viewBox="0 0 24 24" focusable="false" class="chakra-icon css-1g3sp7a" data-testid="btn-icon" aria-hidden="true" height="1em" width="1em" xmlns="http://www.w3.org/2000/svg"><path d="M19 13h-6v6h-2v-6H5v-2h6V5h2v6h6v2z"></path></svg><span class="css-idkz9h">Add Less Sodium Soy Sauce 500 ml to cart</span></button></div></div></div></div></div></div><div class="css-0"><div class="css-f5i5wc"><div class="chakra-linkbox css-vhnn8v"><div data-testid="product-image" class="css-16dr4ly"><img alt="Squid Brand Fish Sauce 725 ml, $0.48/100ml" src="https://assets.shop.loblaws.ca/products/20065165/b3/en/front/20065165_front_a06_@2.png" srcset="https://assets.shop.loblaws.ca/products/20065165/b3/en/front/20065165_front_a06_@2.png 1x, https://assets.shop.loblaws.ca/products/20065165/b3/en/front/20065165_front_a06_@2.png 2x" loading="lazy" class="chakra-image css-oguq8l" aria-hidden="true"></div><div class="css-qoklea"><div class="css-12dchmx"></div><div data-testid="price-product-tile" class="css-8atqhb"><p class="chakra-text css-0"><span class="chakra-text css-pwnbcb" data-testid="regular-price"><span class="css-idkz9h">$3.49</span>$3.49</span></p><p class="chakra-text css-0"></p></div><a href="/fish-sauce/p/20065165_EA" class="chakra-linkbox__overlay css-1hnz6hu"><div class="css-0"><p class="chakra-text css-1ecdp9w" data-testid="product-brand">Squid Brand</p><h3 class="chakra-heading css-6qrhwc" id="20065165_EA" data-testid="product-title">Fish Sauce</h3><p class="chakra-text css-1yftjin" data-testid="product-package-size">725 ml, $0.48/100ml</p></div></a><div class="css-8keand"></div></div><div class="css-1q5omjq"><div class="css-fcebb8"><div data-testid="atc-compact" class="css-y94ivq" style="width: 45px;"><button type="button" class="chakra-button css-mudsm6" data-testid="atc-button"><svg stroke="currentColor" fill="currentColor" stroke-width="0" viewBox="0 0 24 24" focusable="false" class="chakra-icon css-1g3sp7a" data-testid="btn-icon" aria-hidden="true" height="1em" width="1em" xmlns="http://www.w3.org/2000/svg"><path d="M19 13h-6v6h-2v-6H5v-2h6V5h2v6h6v2z"></path></svg><span class="css-idkz9h">Add Fish Sauce to cart</span></button></div></div></div></div></div></div><div class="css-0"><div class="css-f5i5wc"><div class="chakra-linkbox css-vhnn8v"><div data-testid="product-image" class="css-16dr4ly"><img alt="Maggi Seasoning (Red Cap) 200 ml, $2.15/100ml" src="https://assets.shop.loblaws.ca/products/20123023/b3/en/front/20123023_front_a06_@2.png" srcset="https://assets.shop.loblaws.ca/products/20123023/b3/en/front/20123023_front_a06_@2.png 1x, https://assets.shop.loblaws.ca/products/20123023/b3/en/front/20123023_front_a06_@2.png 2x" loading="lazy" class="chakra-image css-oguq8l" aria-hidden="true"></div><div class="css-qoklea"><div class="css-12dchmx"></div><div data-testid="price-product-tile" class="css-8atqhb"><p class="chakra-text css-0"><span class="chakra-text css-pwnbcb" data-testid="regular-price"><span class="css-idkz9h">$4.29</span>$4.29</span></p><p class="chakra-text css-0"></p></div><a href="/seasoning-red-cap/p/20123023_EA" class="chakra-linkbox__overlay css-1hnz6hu"><div class="css-0"><p class="chakra-text css-1ecdp9w" data-testid="product-brand">Maggi</p><h3 class="chakra-heading css-6qrhwc" id="20123023_EA" data-testid="product-title">Seasoning (Red Cap)</h3><p class="chakra-text css-1yftjin" data-testid="product-package-size">200 ml, $2.15/100ml</p></div></a><div class="css-8keand"></div></div><div class="css-1q5omjq"><div class="css-fcebb8"><div data-testid="atc-compact" class="css-y94ivq" style="width: 45px;"><button type="button" class="chakra-button css-mudsm6" data-testid="atc-button"><svg stroke="currentColor" fill="currentColor" stroke-width="0" viewBox="0 0 24 24" focusable="false" class="chakra-icon css-1g3sp7a" data-testid="btn-icon" aria-hidden="true" height="1em" width="1em" xmlns="http://www.w3.org/2000/svg"><path d="M19 13h-6v6h-2v-6H5v-2h6V5h2v6h6v2z"></path></svg><span class="css-idkz9h">Add Seasoning (Red Cap) to cart</span></button></div></div></div></div></div></div><div class="css-0"><div class="css-f5i5wc"><div class="chakra-linkbox css-vhnn8v"><div data-testid="product-image" class="css-16dr4ly"><img alt="Rooster Sushi Ginger 210 g, $0.95/100g" src="https://assets.shop.loblaws.ca/products/21100328/b3/en/front/21100328_front_a06_@2.png" srcset="https://assets.shop.loblaws.ca/products/21100328/b3/en/front/21100328_front_a06_@2.png 1x, https://assets.shop.loblaws.ca/products/21100328/b3/en/front/21100328_front_a06_@2.png 2x" loading="lazy" class="chakra-image css-oguq8l" aria-hidden="true"></div><div class="css-qoklea"><div class="css-12dchmx"></div><div data-testid="price-product-tile" class="css-8atqhb"><p class="chakra-text css-0"><span class="chakra-text css-pwnbcb" data-testid="regular-price"><span class="css-idkz9h">$1.99</span>$1.99</span></p><p class="chakra-text css-0"></p></div><a href="/sushi-ginger/p/21100328_EA" class="chakra-linkbox__overlay css-1hnz6hu"><div class="css-0"><p class="chakra-text css-1ecdp9w" data-testid="product-brand">Rooster</p><h3 class="chakra-heading css-6qrhwc" id="21100328_EA" data-testid="product-title">Sushi Ginger</h3><p class="chakra-text css-1yftjin" data-testid="product-package-size">210 g, $0.95/100g</p></div></a><div class="css-8keand"></div></div><div class="css-1q5omjq"><div class="css-fcebb8"><div data-testid="atc-compact" class="css-y94ivq" style="width: 45px;"><button type="button" class="chakra-button css-mudsm6" data-testid="atc-button"><svg stroke="currentColor" fill="currentColor" stroke-width="0" viewBox="0 0 24 24" focusable="false" class="chakra-icon css-1g3sp7a" data-testid="btn-icon" aria-hidden="true" height="1em" width="1em" xmlns="http://www.w3.org/2000/svg"><path d="M19 13h-6v6h-2v-6H5v-2h6V5h2v6h6v2z"></path></svg><span class="css-idkz9h">Add Sushi Ginger to cart</span></button></div></div></div></div></div></div><div class="css-0"><div class="css-f5i5wc"><div class="chakra-linkbox css-vhnn8v"><div data-testid="product-image" class="css-16dr4ly"><img alt="Lee Kum Kee Chow Style Chili 205 g, $2.92/100g" src="https://assets.shop.loblaws.ca/products/21367021/b3/en/front/21367021_front_a06_@2.png" srcset="https://assets.shop.loblaws.ca/products/21367021/b3/en/front/21367021_front_a06_@2.png 1x, https://assets.shop.loblaws.ca/products/21367021/b3/en/front/21367021_front_a06_@2.png 2x" loading="lazy" class="chakra-image css-oguq8l" aria-hidden="true"></div><div class="css-qoklea"><div class="css-12dchmx"></div><div data-testid="price-product-tile" class="css-8atqhb"><p class="chakra-text css-0"><span class="chakra-text css-pwnbcb" data-testid="regular-price"><span class="css-idkz9h">$5.99</span>$5.99</span></p><p class="chakra-text css-0"></p></div><a href="/chow-style-chili/p/21367021_EA" class="chakra-linkbox__overlay css-1hnz6hu"><div class="css-0"><p class="chakra-text css-1ecdp9w" data-testid="product-brand">Lee Kum Kee</p><h3 class="chakra-heading css-6qrhwc" id="21367021_EA" data-testid="product-title">Chow Style Chili</h3><p class="chakra-text css-1yftjin" data-testid="product-package-size">205 g, $2.92/100g</p></div></a><div class="css-8keand"></div></div><div class="css-1q5omjq"><div class="css-fcebb8"><div data-testid="atc-compact" class="css-y94ivq" style="width: 45px;"><button type="button" class="chakra-button css-mudsm6" data-testid="atc-button"><svg stroke="currentColor" fill="currentColor" stroke-width="0" viewBox="0 0 24 24" focusable="false" class="chakra-icon css-1g3sp7a" data-testid="btn-icon" aria-hidden="true" height="1em" width="1em" xmlns="http://www.w3.org/2000/svg"><path d="M19 13h-6v6h-2v-6H5v-2h6V5h2v6h6v2z"></path></svg><span class="css-idkz9h">Add Chow Style Chili to cart</span></button></div></div></div></div></div></div><div class="css-0"><div class="css-f5i5wc"><div class="chakra-linkbox css-vhnn8v"><div data-testid="product-image" class="css-16dr4ly"><img alt="Kikkoman Stir Fry Sauce 285 ml, $2.80/100ml" src="https://assets.shop.loblaws.ca/products/20038884/b3/en/front/20038884_front_a06_@2.png" srcset="https://assets.shop.loblaws.ca/products/20038884/b3/en/front/20038884_front_a06_@2.png 1x, https://assets.shop.loblaws.ca/products/20038884/b3/en/front/20038884_front_a06_@2.png 2x" loading="lazy" class="chakra-image css-oguq8l" aria-hidden="true"></div><div class="css-qoklea"><div class="css-12dchmx"></div><div data-testid="price-product-tile" class="css-8atqhb"><p class="chakra-text css-0"><span class="chakra-text css-pwnbcb" data-testid="regular-price"><span class="css-idkz9h">$7.99</span>$7.99</span></p><p class="chakra-text css-0"></p></div><a href="/stir-fry-sauce/p/20038884_EA" class="chakra-linkbox__overlay css-1hnz6hu"><div class="css-0"><p class="chakra-text css-1ecdp9w" data-testid="product-brand">Kikkoman</p><h3 class="chakra-heading css-6qrhwc" id="20038884_EA" data-testid="product-title">Stir Fry Sauce</h3><p class="chakra-text css-1yftjin" data-testid="product-package-size">285 ml, $2.80/100ml</p></div></a><div class="css-8keand"></div></div><div class="css-1q5omjq"><div class="css-fcebb8"><div data-testid="atc-compact" class="css-y94ivq" style="width: 45px;"><button type="button" class="chakra-button css-mudsm6" data-testid="atc-button"><svg stroke="currentColor" fill="currentColor" stroke-width="0" viewBox="0 0 24 24" focusable="false" class="chakra-icon css-1g3sp7a" data-testid="btn-icon" aria-hidden="true" height="1em" width="1em" xmlns="http://www.w3.org/2000/svg"><path d="M19 13h-6v6h-2v-6H5v-2h6V5h2v6h6v2z"></path></svg><span class="css-idkz9h">Add Stir Fry Sauce to cart</span></button></div></div></div></div></div></div><div class="css-0"><div class="css-f5i5wc"><div class="chakra-linkbox css-vhnn8v"><div data-testid="product-image" class="css-16dr4ly"><img alt="Rooster Soy Sauce 500 ml, $0.56/100ml" src="https://assets.shop.loblaws.ca/products/20053494/b3/en/front/20053494_front_a06_@2.png" srcset="https://assets.shop.loblaws.ca/products/20053494/b3/en/front/20053494_front_a06_@2.png 1x, https://assets.shop.loblaws.ca/products/20053494/b3/en/front/20053494_front_a06_@2.png 2x" loading="lazy" class="chakra-image css-oguq8l" aria-hidden="true"></div><div class="css-qoklea"><div class="css-12dchmx"></div><div data-testid="price-product-tile" class="css-8atqhb"><p class="chakra-text css-0"><span class="chakra-text css-pwnbcb" data-testid="regular-price"><span class="css-idkz9h">$2.79</span>$2.79</span></p><p class="chakra-text css-0"></p></div><a href="/soy-sauce/p/20053494_EA" class="chakra-linkbox__overlay css-1hnz6hu"><div class="css-0"><p class="chakra-text css-1ecdp9w" data-testid="product-brand">Rooster</p><h3 class="chakra-heading css-6qrhwc" id="20053494_EA" data-testid="product-title">Soy Sauce</h3><p class="chakra-text css-1yftjin" data-testid="product-package-size">500 ml, $0.56/100ml</p></div></a><div class="css-8keand"></div></div><div class="css-1q5omjq"><div class="css-fcebb8"><div data-testid="atc-compact" class="css-y94ivq" style="width: 45px;"><button type="button" class="chakra-button css-mudsm6" data-testid="atc-button"><svg stroke="currentColor" fill="currentColor" stroke-width="0" viewBox="0 0 24 24" focusable="false" class="chakra-icon css-1g3sp7a" data-testid="btn-icon" aria-hidden="true" height="1em" width="1em" xmlns="http://www.w3.org/2000/svg"><path d="M19 13h-6v6h-2v-6H5v-2h6V5h2v6h6v2z"></path></svg><span class="css-idkz9h">Add Soy Sauce to cart</span></button></div></div></div></div></div></div><div class="css-0"><div class="css-f5i5wc"><div class="chakra-linkbox css-vhnn8v"><div data-testid="product-image" class="css-16dr4ly"><img alt="O Food Brown Rice Red Pepper Paste Gochujang Medium Hot 500 g, $1.20/100g" src="https://assets.shop.loblaws.ca/products/21452984/b3/en/front/21452984_front_a06_@2.png" srcset="https://assets.shop.loblaws.ca/products/21452984/b3/en/front/21452984_front_a06_@2.png 1x, https://assets.shop.loblaws.ca/products/21452984/b3/en/front/21452984_front_a06_@2.png 2x" loading="lazy" class="chakra-image css-oguq8l" aria-hidden="true"></div><div class="css-qoklea"><div class="css-12dchmx"></div><div data-testid="price-product-tile" class="css-8atqhb"><p class="chakra-text css-0"><span class="chakra-text css-pwnbcb" data-testid="regular-price"><span class="css-idkz9h">$5.99</span>$5.99</span></p><p class="chakra-text css-0"></p></div><a href="/brown-rice-red-pepper-paste-gochujang-medium-hot/p/21452984_EA" class="chakra-linkbox__overlay css-1hnz6hu"><div class="css-0"><p class="chakra-text css-1ecdp9w" data-testid="product-brand">O Food</p><h3 class="chakra-heading css-6qrhwc" id="21452984_EA" data-testid="product-title">Brown Rice Red Pepper Paste Gochujang Medium Hot</h3><p class="chakra-text css-1yftjin" data-testid="product-package-size">500 g, $1.20/100g</p></div></a><div class="css-8keand"></div></div><div class="css-1q5omjq"><div class="css-fcebb8"><div data-testid="atc-compact" class="css-y94ivq" style="width: 45px;"><button type="button" class="chakra-button css-mudsm6" data-testid="atc-button"><svg stroke="currentColor" fill="currentColor" stroke-width="0" viewBox="0 0 24 24" focusable="false" class="chakra-icon css-1g3sp7a" data-testid="btn-icon" aria-hidden="true" height="1em" width="1em" xmlns="http://www.w3.org/2000/svg"><path d="M19 13h-6v6h-2v-6H5v-2h6V5h2v6h6v2z"></path></svg><span class="css-idkz9h">Add Brown Rice Red Pepper Paste Gochujang Medium Hot to cart</span></button></div></div></div></div></div></div><div class="css-0"><div class="css-f5i5wc"><div class="chakra-linkbox css-vhnn8v"><div data-testid="product-image" class="css-16dr4ly"><img alt="Lee Kum Kee Black Bean Garlic Sauce 368 g, $1.49/100g" src="https://assets.shop.loblaws.ca/products/20319201/b3/en/front/20319201_front_a06_@2.png" srcset="https://assets.shop.loblaws.ca/products/20319201/b3/en/front/20319201_front_a06_@2.png 1x, https://assets.shop.loblaws.ca/products/20319201/b3/en/front/20319201_front_a06_@2.png 2x" loading="lazy" class="chakra-image css-oguq8l" aria-hidden="true"></div><div class="css-qoklea"><div class="css-12dchmx"></div><div data-testid="price-product-tile" class="css-8atqhb"><p class="chakra-text css-0"><span class="chakra-text css-pwnbcb" data-testid="regular-price"><span class="css-idkz9h">$5.49</span>$5.49</span></p><p class="chakra-text css-0"></p></div><a href="/black-bean-garlic-sauce/p/20319201_EA" class="chakra-linkbox__overlay css-1hnz6hu"><div class="css-0"><p class="chakra-text css-1ecdp9w" data-testid="product-brand">Lee Kum Kee</p><h3 class="chakra-heading css-6qrhwc" id="20319201_EA" data-testid="product-title">Black Bean Garlic Sauce</h3><p class="chakra-text css-1yftjin" data-testid="product-package-size">368 g, $1.49/100g</p></div></a><div class="css-8keand"></div></div><div class="css-1q5omjq"><div class="css-fcebb8"><div data-testid="atc-compact" class="css-y94ivq" style="width: 45px;"><button type="button" class="chakra-button css-mudsm6" data-testid="atc-button"><svg stroke="currentColor" fill="currentColor" stroke-width="0" viewBox="0 0 24 24" focusable="false" class="chakra-icon css-1g3sp7a" data-testid="btn-icon" aria-hidden="true" height="1em" width="1em" xmlns="http://www.w3.org/2000/svg"><path d="M19 13h-6v6h-2v-6H5v-2h6V5h2v6h6v2z"></path></svg><span class="css-idkz9h">Add Black Bean Garlic Sauce to cart</span></button></div></div></div></div></div></div><div class="css-0"><div class="css-f5i5wc"><div class="chakra-linkbox css-vhnn8v"><div data-testid="product-image" class="css-16dr4ly"><img alt="T&amp;T Premium Dark Soy Sauce 500 ml, $0.60/100ml" src="https://assets.shop.loblaws.ca/products/20698024/b3/en/front/20698024_front_a06_@2.png" srcset="https://assets.shop.loblaws.ca/products/20698024/b3/en/front/20698024_front_a06_@2.png 1x, https://assets.shop.loblaws.ca/products/20698024/b3/en/front/20698024_front_a06_@2.png 2x" loading="lazy" class="chakra-image css-oguq8l" aria-hidden="true"></div><div class="css-qoklea"><div class="css-12dchmx"></div><div data-testid="price-product-tile" class="css-8atqhb"><p class="chakra-text css-0"><span class="chakra-text css-pwnbcb" data-testid="regular-price"><span class="css-idkz9h">$2.99</span>$2.99</span></p><p class="chakra-text css-0"></p></div><a href="/premium-dark-soy-sauce/p/20698024_EA" class="chakra-linkbox__overlay css-1hnz6hu"><div class="css-0"><p class="chakra-text css-1ecdp9w" data-testid="product-brand">T&amp;T</p><h3 class="chakra-heading css-6qrhwc" id="20698024_EA" data-testid="product-title">Premium Dark Soy Sauce</h3><p class="chakra-text css-1yftjin" data-testid="product-package-size">500 ml, $0.60/100ml</p></div></a><div class="css-8keand"></div></div><div class="css-1q5omjq"><div class="css-fcebb8"><div data-testid="atc-compact" class="css-y94ivq" style="width: 45px;"><button type="button" class="chakra-button css-mudsm6" data-testid="atc-button"><svg stroke="currentColor" fill="currentColor" stroke-width="0" viewBox="0 0 24 24" focusable="false" class="chakra-icon css-1g3sp7a" data-testid="btn-icon" aria-hidden="true" height="1em" width="1em" xmlns="http://www.w3.org/2000/svg"><path d="M19 13h-6v6h-2v-6H5v-2h6V5h2v6h6v2z"></path></svg><span class="css-idkz9h">Add Premium Dark Soy Sauce to cart</span></button></div></div></div></div></div></div><div class="css-0"><div class="css-f5i5wc"><div class="chakra-linkbox css-vhnn8v"><div data-testid="product-image" class="css-16dr4ly"><img alt="Teriyaki Experience Teriyaki Sauce 350 ml, $1.65/100ml" src="https://assets.shop.loblaws.ca/products/20876697003/b3/en/front/20876697003_front_a06_@2.png" srcset="https://assets.shop.loblaws.ca/products/20876697003/b3/en/front/20876697003_front_a06_@2.png 1x, https://assets.shop.loblaws.ca/products/20876697003/b3/en/front/20876697003_front_a06_@2.png 2x" loading="lazy" class="chakra-image css-oguq8l" aria-hidden="true"></div><div class="css-qoklea"><div class="css-12dchmx"></div><div data-testid="price-product-tile" class="css-8atqhb"><p class="chakra-text css-0"><span class="chakra-text css-pwnbcb" data-testid="regular-price"><span class="css-idkz9h">$5.79</span>$5.79</span></p><p class="chakra-text css-0"></p></div><a href="/teriyaki-sauce/p/20876697003_EA" class="chakra-linkbox__overlay css-1hnz6hu"><div class="css-0"><p class="chakra-text css-1ecdp9w" data-testid="product-brand">Teriyaki Experience</p><h3 class="chakra-heading css-6qrhwc" id="20876697003_EA" data-testid="product-title">Teriyaki Sauce</h3><p class="chakra-text css-1yftjin" data-testid="product-package-size">350 ml, $1.65/100ml</p></div></a><div class="css-8keand"></div></div><div class="css-1q5omjq"><div class="css-fcebb8"><div data-testid="atc-compact" class="css-y94ivq" style="width: 45px;"><button type="button" class="chakra-button css-mudsm6" data-testid="atc-button"><svg stroke="currentColor" fill="currentColor" stroke-width="0" viewBox="0 0 24 24" focusable="false" class="chakra-icon css-1g3sp7a" data-testid="btn-icon" aria-hidden="true" height="1em" width="1em" xmlns="http://www.w3.org/2000/svg"><path d="M19 13h-6v6h-2v-6H5v-2h6V5h2v6h6v2z"></path></svg><span class="css-idkz9h">Add Teriyaki Sauce to cart</span></button></div></div></div></div></div></div><div class="css-0"><div class="css-f5i5wc"><div class="chakra-linkbox css-vhnn8v"><div data-testid="product-image" class="css-16dr4ly"><img alt="T&amp;T Korean Kalbi Marinade Sauce 765 ml, $0.78/100ml" src="https://assets.shop.loblaws.ca/products/20844590/b3/en/front/20844590_front_a06_@2.png" srcset="https://assets.shop.loblaws.ca/products/20844590/b3/en/front/20844590_front_a06_@2.png 1x, https://assets.shop.loblaws.ca/products/20844590/b3/en/front/20844590_front_a06_@2.png 2x" loading="lazy" class="chakra-image css-oguq8l" aria-hidden="true"></div><div class="css-qoklea"><div class="css-12dchmx"></div><div data-testid="price-product-tile" class="css-8atqhb"><p class="chakra-text css-0"><span class="chakra-text css-pwnbcb" data-testid="regular-price"><span class="css-idkz9h">$5.99</span>$5.99</span></p><p class="chakra-text css-0"></p></div><a href="/korean-kalbi-marinade-sauce/p/20844590_EA" class="chakra-linkbox__overlay css-1hnz6hu"><div class="css-0"><p class="chakra-text css-1ecdp9w" data-testid="product-brand">T&amp;T</p><h3 class="chakra-heading css-6qrhwc" id="20844590_EA" data-testid="product-title">Korean Kalbi Marinade Sauce</h3><p class="chakra-text css-1yftjin" data-testid="product-package-size">765 ml, $0.78/100ml</p></div></a><div class="css-8keand"></div></div><div class="css-1q5omjq"><div class="css-fcebb8"><div data-testid="atc-compact" class="css-y94ivq" style="width: 45px;"><button type="button" class="chakra-button css-mudsm6" data-testid="atc-button"><svg stroke="currentColor" fill="currentColor" stroke-width="0" viewBox="0 0 24 24" focusable="false" class="chakra-icon css-1g3sp7a" data-testid="btn-icon" aria-hidden="true" height="1em" width="1em" xmlns="http://www.w3.org/2000/svg"><path d="M19 13h-6v6h-2v-6H5v-2h6V5h2v6h6v2z"></path></svg><span class="css-idkz9h">Add Korean Kalbi Marinade Sauce to cart</span></button></div></div></div></div></div></div><div class="css-0"><div class="css-f5i5wc"><div class="chakra-linkbox css-vhnn8v"><div data-testid="product-image" class="css-16dr4ly"><img alt="O Food Korean Chili Sauce 215 g, $3.25/100g" src="https://assets.shop.loblaws.ca/products/21453162/b3/en/front/21453162_front_a06_@2.png" srcset="https://assets.shop.loblaws.ca/products/21453162/b3/en/front/21453162_front_a06_@2.png 1x, https://assets.shop.loblaws.ca/products/21453162/b3/en/front/21453162_front_a06_@2.png 2x" loading="lazy" class="chakra-image css-oguq8l" aria-hidden="true"></div><div class="css-qoklea"><div class="css-12dchmx"></div><div data-testid="price-product-tile" class="css-8atqhb"><p class="chakra-text css-0"><span class="chakra-text css-pwnbcb" data-testid="regular-price"><span class="css-idkz9h">$6.99</span>$6.99</span></p><p class="chakra-text css-0"></p></div><a href="/korean-chili-sauce/p/21453162_EA" class="chakra-linkbox__overlay css-1hnz6hu"><div class="css-0"><p class="chakra-text css-1ecdp9w" data-testid="product-brand">O Food</p><h3 class="chakra-heading css-6qrhwc" id="21453162_EA" data-testid="product-title">Korean Chili Sauce</h3><p class="chakra-text css-1yftjin" data-testid="product-package-size">215 g, $3.25/100g</p></div></a><div class="css-8keand"></div></div><div class="css-1q5omjq"><div class="css-fcebb8"><div data-testid="atc-compact" class="css-y94ivq" style="width: 45px;"><button type="button" class="chakra-button css-mudsm6" data-testid="atc-button"><svg stroke="currentColor" fill="currentColor" stroke-width="0" viewBox="0 0 24 24" focusable="false" class="chakra-icon css-1g3sp7a" data-testid="btn-icon" aria-hidden="true" height="1em" width="1em" xmlns="http://www.w3.org/2000/svg"><path d="M19 13h-6v6h-2v-6H5v-2h6V5h2v6h6v2z"></path></svg><span class="css-idkz9h">Add Korean Chili Sauce to cart</span></button></div></div></div></div></div></div><div class="css-0"><div class="css-f5i5wc"><div class="chakra-linkbox css-vhnn8v"><div data-testid="product-image" class="css-16dr4ly"><img alt="Kadoya Pure Sesame Oil 327 ml, $2.14/100ml" src="https://assets.shop.loblaws.ca/products/20990809/b3/en/front/20990809_front_a06_@2.png" srcset="https://assets.shop.loblaws.ca/products/20990809/b3/en/front/20990809_front_a06_@2.png 1x, https://assets.shop.loblaws.ca/products/20990809/b3/en/front/20990809_front_a06_@2.png 2x" loading="lazy" class="chakra-image css-oguq8l" aria-hidden="true"></div><div class="css-qoklea"><div class="css-12dchmx"></div><div data-testid="price-product-tile" class="css-8atqhb"><p class="chakra-text css-0"><span class="chakra-text css-pwnbcb" data-testid="regular-price"><span class="css-idkz9h">$6.99</span>$6.99</span></p><p class="chakra-text css-0"></p></div><a href="/pure-sesame-oil/p/20990809_EA" class="chakra-linkbox__overlay css-1hnz6hu"><div class="css-0"><p class="chakra-text css-1ecdp9w" data-testid="product-brand">Kadoya</p><h3 class="chakra-heading css-6qrhwc" id="20990809_EA" data-testid="product-title">Pure Sesame Oil</h3><p class="chakra-text css-1yftjin" data-testid="product-package-size">327 ml, $2.14/100ml</p></div></a><div class="css-8keand"></div></div><div class="css-1q5omjq"><div class="css-fcebb8"><div data-testid="atc-compact" class="css-y94ivq" style="width: 45px;"><button type="button" class="chakra-button css-mudsm6" data-testid="atc-button"><svg stroke="currentColor" fill="currentColor" stroke-width="0" viewBox="0 0 24 24" focusable="false" class="chakra-icon css-1g3sp7a" data-testid="btn-icon" aria-hidden="true" height="1em" width="1em" xmlns="http://www.w3.org/2000/svg"><path d="M19 13h-6v6h-2v-6H5v-2h6V5h2v6h6v2z"></path></svg><span class="css-idkz9h">Add Pure Sesame Oil to cart</span></button></div></div></div></div></div></div><div class="css-0"><div class="css-f5i5wc"><div class="chakra-linkbox css-vhnn8v"><div data-testid="product-image" class="css-16dr4ly"><img alt="Lee Kum Kee Chili Garlic Sauce 368 g, $1.49/100g" src="https://assets.shop.loblaws.ca/products/20074991/b3/en/front/20074991_front_a06_@2.png" srcset="https://assets.shop.loblaws.ca/products/20074991/b3/en/front/20074991_front_a06_@2.png 1x, https://assets.shop.loblaws.ca/products/20074991/b3/en/front/20074991_front_a06_@2.png 2x" loading="lazy" class="chakra-image css-oguq8l" aria-hidden="true"></div><div class="css-qoklea"><div class="css-12dchmx"></div><div data-testid="price-product-tile" class="css-8atqhb"><p class="chakra-text css-0"><span class="chakra-text css-pwnbcb" data-testid="regular-price"><span class="css-idkz9h">$5.49</span>$5.49</span></p><p class="chakra-text css-0"></p></div><a href="/chili-garlic-sauce/p/20074991_EA" class="chakra-linkbox__overlay css-1hnz6hu"><div class="css-0"><p class="chakra-text css-1ecdp9w" data-testid="product-brand">Lee Kum Kee</p><h3 class="chakra-heading css-6qrhwc" id="20074991_EA" data-testid="product-title">Chili Garlic Sauce</h3><p class="chakra-text css-1yftjin" data-testid="product-package-size">368 g, $1.49/100g</p></div></a><div class="css-8keand"></div></div><div class="css-1q5omjq"><div class="css-fcebb8"><div data-testid="atc-compact" class="css-y94ivq" style="width: 45px;"><button type="button" class="chakra-button css-mudsm6" data-testid="atc-button"><svg stroke="currentColor" fill="currentColor" stroke-width="0" viewBox="0 0 24 24" focusable="false" class="chakra-icon css-1g3sp7a" data-testid="btn-icon" aria-hidden="true" height="1em" width="1em" xmlns="http://www.w3.org/2000/svg"><path d="M19 13h-6v6h-2v-6H5v-2h6V5h2v6h6v2z"></path></svg><span class="css-idkz9h">Add Chili Garlic Sauce to cart</span></button></div></div></div></div></div></div><div class="css-0"><div class="css-f5i5wc"><div class="chakra-linkbox css-vhnn8v"><div data-testid="product-image" class="css-16dr4ly"><img alt="Lee Kum Kee Vegetarian Hoisin Sauce 436 ml, $0.67/100ml" src="https://assets.shop.loblaws.ca/products/20175053/b3/en/front/20175053_front_a06_@2.png" srcset="https://assets.shop.loblaws.ca/products/20175053/b3/en/front/20175053_front_a06_@2.png 1x, https://assets.shop.loblaws.ca/products/20175053/b3/en/front/20175053_front_a06_@2.png 2x" loading="lazy" class="chakra-image css-oguq8l" aria-hidden="true"></div><div class="css-qoklea"><div class="css-12dchmx"></div><div data-testid="price-product-tile" class="css-8atqhb"><p class="chakra-text css-0"><span class="chakra-text css-pwnbcb" data-testid="regular-price"><span class="css-idkz9h">$3.79</span>$3.79</span></p><p class="chakra-text css-0"></p></div><a href="/vegetarian-hoisin-sauce/p/20175053_EA" class="chakra-linkbox__overlay css-1hnz6hu"><div class="css-0"><p class="chakra-text css-1ecdp9w" data-testid="product-brand">Lee Kum Kee</p><h3 class="chakra-heading css-6qrhwc" id="20175053_EA" data-testid="product-title">Vegetarian Hoisin Sauce</h3><p class="chakra-text css-1yftjin" data-testid="product-package-size">436 ml, $0.67/100ml</p></div></a><div class="css-8keand"></div></div><div class="css-1q5omjq"><div class="css-fcebb8"><div data-testid="atc-compact" class="css-y94ivq" style="width: 45px;"><button type="button" class="chakra-button css-mudsm6" data-testid="atc-button"><svg stroke="currentColor" fill="currentColor" stroke-width="0" viewBox="0 0 24 24" focusable="false" class="chakra-icon css-1g3sp7a" data-testid="btn-icon" aria-hidden="true" height="1em" width="1em" xmlns="http://www.w3.org/2000/svg"><path d="M19 13h-6v6h-2v-6H5v-2h6V5h2v6h6v2z"></path></svg><span class="css-idkz9h">Add Vegetarian Hoisin Sauce to cart</span></button></div></div></div></div></div></div><div class="css-0"><div class="css-f5i5wc"><div class="chakra-linkbox css-vhnn8v"><div data-testid="product-image" class="css-16dr4ly"><img alt="T&amp;T Sriracha Chili Sauce 720 ml, $0.67/100ml" src="https://assets.shop.loblaws.ca/products/20873213/b3/en/front/20873213_front_a06_@2.png" srcset="https://assets.shop.loblaws.ca/products/20873213/b3/en/front/20873213_front_a06_@2.png 1x, https://assets.shop.loblaws.ca/products/20873213/b3/en/front/20873213_front_a06_@2.png 2x" loading="lazy" class="chakra-image css-oguq8l" aria-hidden="true"></div><div class="css-qoklea"><div class="css-12dchmx"></div><div data-testid="price-product-tile" class="css-8atqhb"><p class="chakra-text css-0"><span class="chakra-text css-pwnbcb" data-testid="regular-price"><span class="css-idkz9h">$4.79</span>$4.79</span></p><p class="chakra-text css-0"></p></div><a href="/sriracha-chili-sauce/p/20873213_EA" class="chakra-linkbox__overlay css-1hnz6hu"><div class="css-0"><p class="chakra-text css-1ecdp9w" data-testid="product-brand">T&amp;T</p><h3 class="chakra-heading css-6qrhwc" id="20873213_EA" data-testid="product-title">Sriracha Chili Sauce</h3><p class="chakra-text css-1yftjin" data-testid="product-package-size">720 ml, $0.67/100ml</p></div></a><div class="css-8keand"></div></div><div class="css-1q5omjq"><div class="css-fcebb8"><div data-testid="atc-compact" class="css-y94ivq" style="width: 45px;"><button type="button" class="chakra-button css-mudsm6" data-testid="atc-button"><svg stroke="currentColor" fill="currentColor" stroke-width="0" viewBox="0 0 24 24" focusable="false" class="chakra-icon css-1g3sp7a" data-testid="btn-icon" aria-hidden="true" height="1em" width="1em" xmlns="http://www.w3.org/2000/svg"><path d="M19 13h-6v6h-2v-6H5v-2h6V5h2v6h6v2z"></path></svg><span class="css-idkz9h">Add Sriracha Chili Sauce to cart</span></button></div></div></div></div></div></div><div class="css-0"><div class="css-f5i5wc"><div class="chakra-linkbox css-vhnn8v"><div data-testid="product-image" class="css-16dr4ly"><img alt="A Taste of Thai Lite Coconut Milk 398 ml, $1.25/100ml" src="https://assets.shop.loblaws.ca/products/20033891/b3/en/front/20033891_front_a06_@2.png" srcset="https://assets.shop.loblaws.ca/products/20033891/b3/en/front/20033891_front_a06_@2.png 1x, https://assets.shop.loblaws.ca/products/20033891/b3/en/front/20033891_front_a06_@2.png 2x" loading="lazy" class="chakra-image css-oguq8l" aria-hidden="true"></div><div class="css-qoklea"><div class="css-12dchmx"></div><div data-testid="price-product-tile" class="css-8atqhb"><p class="chakra-text css-0"><span class="chakra-text css-pwnbcb" data-testid="regular-price"><span class="css-idkz9h">$4.99</span>$4.99</span></p><p class="chakra-text css-0"></p></div><a href="/lite-coconut-milk/p/20033891_EA" class="chakra-linkbox__overlay css-1hnz6hu"><div class="css-0"><p class="chakra-text css-1ecdp9w" data-testid="product-brand">A Taste of Thai</p><h3 class="chakra-heading css-6qrhwc" id="20033891_EA" data-testid="product-title">Lite Coconut Milk</h3><p class="chakra-text css-1yftjin" data-testid="product-package-size">398 ml, $1.25/100ml</p></div></a><div class="css-8keand"></div></div><div class="css-1q5omjq"><div class="css-fcebb8"><div data-testid="atc-compact" class="css-y94ivq" style="width: 45px;"><button type="button" class="chakra-button css-mudsm6" data-testid="atc-button"><svg stroke="currentColor" fill="currentColor" stroke-width="0" viewBox="0 0 24 24" focusable="false" class="chakra-icon css-1g3sp7a" data-testid="btn-icon" aria-hidden="true" height="1em" width="1em" xmlns="http://www.w3.org/2000/svg"><path d="M19 13h-6v6h-2v-6H5v-2h6V5h2v6h6v2z"></path></svg><span class="css-idkz9h">Add Lite Coconut Milk to cart</span></button></div></div></div></div></div></div><div class="css-0"><div class="css-f5i5wc"><div class="chakra-linkbox css-vhnn8v"><div data-testid="product-image" class="css-16dr4ly"><img alt="Kikkoman Soy Sauce 296 ml, $2.36/100ml" src="https://assets.shop.loblaws.ca/products/20123117/b3/en/front/20123117_front_a06_@2.png" srcset="https://assets.shop.loblaws.ca/products/20123117/b3/en/front/20123117_front_a06_@2.png 1x, https://assets.shop.loblaws.ca/products/20123117/b3/en/front/20123117_front_a06_@2.png 2x" loading="lazy" class="chakra-image css-oguq8l" aria-hidden="true"></div><div class="css-qoklea"><div class="css-12dchmx"></div><div data-testid="price-product-tile" class="css-8atqhb"><p class="chakra-text css-0"><span class="chakra-text css-pwnbcb" data-testid="regular-price"><span class="css-idkz9h">$6.99</span>$6.99</span></p><p class="chakra-text css-0"></p></div><a href="/soy-sauce/p/20123117_EA" class="chakra-linkbox__overlay css-1hnz6hu"><div class="css-0"><p class="chakra-text css-1ecdp9w" data-testid="product-brand">Kikkoman</p><h3 class="chakra-heading css-6qrhwc" id="20123117_EA" data-testid="product-title">Soy Sauce</h3><p class="chakra-text css-1yftjin" data-testid="product-package-size">296 ml, $2.36/100ml</p></div></a><div class="css-8keand"></div></div><div class="css-1q5omjq"><div class="css-fcebb8"><div data-testid="atc-compact" class="css-y94ivq" style="width: 45px;"><button type="button" class="chakra-button css-mudsm6" data-testid="atc-button"><svg stroke="currentColor" fill="currentColor" stroke-width="0" viewBox="0 0 24 24" focusable="false" class="chakra-icon css-1g3sp7a" data-testid="btn-icon" aria-hidden="true" height="1em" width="1em" xmlns="http://www.w3.org/2000/svg"><path d="M19 13h-6v6h-2v-6H5v-2h6V5h2v6h6v2z"></path></svg><span class="css-idkz9h">Add Soy Sauce to cart</span></button></div></div></div></div></div></div><div class="css-0"><div class="css-f5i5wc"><div class="chakra-linkbox css-vhnn8v"><div data-testid="product-image" class="css-16dr4ly"><img alt="Lee Kum Kee Char Siu Sauce 282 ml, $1.95/100ml" src="https://assets.shop.loblaws.ca/products/20326703/b3/en/front/20326703_front_a06_@2.png" srcset="https://assets.shop.loblaws.ca/products/20326703/b3/en/front/20326703_front_a06_@2.png 1x, https://assets.shop.loblaws.ca/products/20326703/b3/en/front/20326703_front_a06_@2.png 2x" loading="lazy" class="chakra-image css-oguq8l" aria-hidden="true"></div><div class="css-qoklea"><div class="css-12dchmx"></div><div data-testid="price-product-tile" class="css-8atqhb"><p class="chakra-text css-0"><span class="chakra-text css-pwnbcb" data-testid="regular-price"><span class="css-idkz9h">$5.49</span>$5.49</span></p><p class="chakra-text css-0"></p></div><a href="/char-siu-sauce/p/20326703_EA" class="chakra-linkbox__overlay css-1hnz6hu"><div class="css-0"><p class="chakra-text css-1ecdp9w" data-testid="product-brand">Lee Kum Kee</p><h3 class="chakra-heading css-6qrhwc" id="20326703_EA" data-testid="product-title">Char Siu Sauce</h3><p class="chakra-text css-1yftjin" data-testid="product-package-size">282 ml, $1.95/100ml</p></div></a><div class="css-8keand"></div></div><div class="css-1q5omjq"><div class="css-fcebb8"><div data-testid="atc-compact" class="css-y94ivq" style="width: 45px;"><button type="button" class="chakra-button css-mudsm6" data-testid="atc-button"><svg stroke="currentColor" fill="currentColor" stroke-width="0" viewBox="0 0 24 24" focusable="false" class="chakra-icon css-1g3sp7a" data-testid="btn-icon" aria-hidden="true" height="1em" width="1em" xmlns="http://www.w3.org/2000/svg"><path d="M19 13h-6v6h-2v-6H5v-2h6V5h2v6h6v2z"></path></svg><span class="css-idkz9h">Add Char Siu Sauce to cart</span></button></div></div></div></div></div></div><div class="css-0"><div class="css-f5i5wc"><div class="chakra-linkbox css-vhnn8v"><div data-testid="product-image" class="css-16dr4ly"><img alt="Heiwa Sushi Ginger 340 g, $1.11/100g" src="https://assets.shop.loblaws.ca/products/20624111/b3/en/front/20624111_front_a06_@2.png" srcset="https://assets.shop.loblaws.ca/products/20624111/b3/en/front/20624111_front_a06_@2.png 1x, https://assets.shop.loblaws.ca/products/20624111/b3/en/front/20624111_front_a06_@2.png 2x" loading="lazy" class="chakra-image css-oguq8l" aria-hidden="true"></div><div class="css-qoklea"><div class="css-12dchmx"></div><div data-testid="price-product-tile" class="css-8atqhb"><p class="chakra-text css-0"><span class="chakra-text css-pwnbcb" data-testid="regular-price"><span class="css-idkz9h">$3.79</span>$3.79</span></p><p class="chakra-text css-0"></p></div><a href="/sushi-ginger/p/20624111_EA" class="chakra-linkbox__overlay css-1hnz6hu"><div class="css-0"><p class="chakra-text css-1ecdp9w" data-testid="product-brand">Heiwa</p><h3 class="chakra-heading css-6qrhwc" id="20624111_EA" data-testid="product-title">Sushi Ginger</h3><p class="chakra-text css-1yftjin" data-testid="product-package-size">340 g, $1.11/100g</p></div></a><div class="css-8keand"></div></div><div class="css-1q5omjq"><div class="css-fcebb8"><div data-testid="atc-compact" class="css-y94ivq" style="width: 45px;"><button type="button" class="chakra-button css-mudsm6" data-testid="atc-button"><svg stroke="currentColor" fill="currentColor" stroke-width="0" viewBox="0 0 24 24" focusable="false" class="chakra-icon css-1g3sp7a" data-testid="btn-icon" aria-hidden="true" height="1em" width="1em" xmlns="http://www.w3.org/2000/svg"><path d="M19 13h-6v6h-2v-6H5v-2h6V5h2v6h6v2z"></path></svg><span class="css-idkz9h">Add Sushi Ginger to cart</span></button></div></div></div></div></div></div><div class="css-0"><div class="css-f5i5wc"><div class="chakra-linkbox css-vhnn8v"><div data-testid="product-image" class="css-16dr4ly"><img alt="Rooster 100% Pure Corn Oil 2.84 l, $0.60/100ml" src="https://assets.shop.loblaws.ca/products/20334976/b3/en/front/20334976_front_a06_@2.png" srcset="https://assets.shop.loblaws.ca/products/20334976/b3/en/front/20334976_front_a06_@2.png 1x, https://assets.shop.loblaws.ca/products/20334976/b3/en/front/20334976_front_a06_@2.png 2x" loading="lazy" class="chakra-image css-oguq8l" aria-hidden="true"></div><div class="css-qoklea"><div class="css-12dchmx"></div><div data-testid="price-product-tile" class="css-8atqhb"><p class="chakra-text css-0"><span class="chakra-text css-pwnbcb" data-testid="regular-price"><span class="css-idkz9h">$16.99</span>$16.99</span></p><p class="chakra-text css-0"></p></div><a href="/100-pure-corn-oil/p/20334976_EA" class="chakra-linkbox__overlay css-1hnz6hu"><div class="css-0"><p class="chakra-text css-1ecdp9w" data-testid="product-brand">Rooster</p><h3 class="chakra-heading css-6qrhwc" id="20334976_EA" data-testid="product-title">100% Pure Corn Oil</h3><p class="chakra-text css-1yftjin" data-testid="product-package-size">2.84 l, $0.60/100ml</p></div></a><div class="css-8keand"></div></div><div class="css-1q5omjq"><div class="css-fcebb8"><div data-testid="atc-compact" class="css-y94ivq" style="width: 45px;"><button type="button" class="chakra-button css-mudsm6" data-testid="atc-button"><svg stroke="currentColor" fill="currentColor" stroke-width="0" viewBox="0 0 24 24" focusable="false" class="chakra-icon css-1g3sp7a" data-testid="btn-icon" aria-hidden="true" height="1em" width="1em" xmlns="http://www.w3.org/2000/svg"><path d="M19 13h-6v6h-2v-6H5v-2h6V5h2v6h6v2z"></path></svg><span class="css-idkz9h">Add 100% Pure Corn Oil to cart</span></button></div></div><div class="css-4saf4a"><p class="chakra-text css-py8788" data-testid="inventory-badge-text">Low Stock</p></div></div></div></div></div><div class="css-0"><div class="css-f5i5wc"><div class="chakra-linkbox css-vhnn8v"><div data-testid="product-image" class="css-16dr4ly"><img alt="Lee Kum Kee Original Stir-Fry Sauce 445 ml, $1.11/100ml" src="https://assets.shop.loblaws.ca/products/21372095/b3/en/front/21372095_front_a06_@2.png" srcset="https://assets.shop.loblaws.ca/products/21372095/b3/en/front/21372095_front_a06_@2.png 1x, https://assets.shop.loblaws.ca/products/21372095/b3/en/front/21372095_front_a06_@2.png 2x" loading="lazy" class="chakra-image css-oguq8l" aria-hidden="true"></div><div class="css-qoklea"><div class="css-12dchmx"></div><div data-testid="price-product-tile" class="css-8atqhb"><p class="chakra-text css-0"><span class="chakra-text css-pwnbcb" data-testid="regular-price"><span class="css-idkz9h">$4.99</span>$4.99</span></p><p class="chakra-text css-0"></p></div><a href="/original-stir-fry-sauce/p/21372095_EA" class="chakra-linkbox__overlay css-1hnz6hu"><div class="css-0"><p class="chakra-text css-1ecdp9w" data-testid="product-brand">Lee Kum Kee</p><h3 class="chakra-heading css-6qrhwc" id="21372095_EA" data-testid="product-title">Original Stir-Fry Sauce</h3><p class="chakra-text css-1yftjin" data-testid="product-package-size">445 ml, $1.11/100ml</p></div></a><div class="css-8keand"></div></div><div class="css-1q5omjq"><div class="css-fcebb8"><div data-testid="atc-compact" class="css-y94ivq" style="width: 45px;"><button type="button" class="chakra-button css-mudsm6" data-testid="atc-button"><svg stroke="currentColor" fill="currentColor" stroke-width="0" viewBox="0 0 24 24" focusable="false" class="chakra-icon css-1g3sp7a" data-testid="btn-icon" aria-hidden="true" height="1em" width="1em" xmlns="http://www.w3.org/2000/svg"><path d="M19 13h-6v6h-2v-6H5v-2h6V5h2v6h6v2z"></path></svg><span class="css-idkz9h">Add Original Stir-Fry Sauce to cart</span></button></div></div></div></div></div></div><div class="css-0"><div class="css-f5i5wc"><div class="chakra-linkbox css-vhnn8v"><div data-testid="product-image" class="css-16dr4ly"><img alt="null Oils, Lion &amp; Globe Peanut Oil, Extra Virgin 900 ml, $1.20/100ml" src="https://assets.shop.loblaws.ca/products/20739480/b3/en/front/20739480_front_a06_@2.png" srcset="https://assets.shop.loblaws.ca/products/20739480/b3/en/front/20739480_front_a06_@2.png 1x, https://assets.shop.loblaws.ca/products/20739480/b3/en/front/20739480_front_a06_@2.png 2x" loading="lazy" class="chakra-image css-oguq8l" aria-hidden="true"></div><div class="css-qoklea"><div class="css-12dchmx"></div><div data-testid="price-product-tile" class="css-8atqhb"><p class="chakra-text css-0"><span class="chakra-text css-pwnbcb" data-testid="regular-price"><span class="css-idkz9h">$10.79</span>$10.79</span></p><p class="chakra-text css-0"></p></div><a href="/oils-lion-globe-peanut-oil-extra-virgin/p/20739480_EA" class="chakra-linkbox__overlay css-1hnz6hu"><div class="css-0"><h3 class="chakra-heading css-6qrhwc" id="20739480_EA" data-testid="product-title">Oils, Lion &amp; Globe Peanut Oil, Extra Virgin</h3><p class="chakra-text css-1yftjin" data-testid="product-package-size">900 ml, $1.20/100ml</p></div></a><div class="css-8keand"></div></div><div class="css-1q5omjq"><div class="css-fcebb8"><div data-testid="atc-compact" class="css-y94ivq" style="width: 45px;"><button type="button" class="chakra-button css-mudsm6" data-testid="atc-button"><svg stroke="currentColor" fill="currentColor" stroke-width="0" viewBox="0 0 24 24" focusable="false" class="chakra-icon css-1g3sp7a" data-testid="btn-icon" aria-hidden="true" height="1em" width="1em" xmlns="http://www.w3.org/2000/svg"><path d="M19 13h-6v6h-2v-6H5v-2h6V5h2v6h6v2z"></path></svg><span class="css-idkz9h">Add Oils, Lion &amp; Globe Peanut Oil, Extra Virgin to cart</span></button></div></div></div></div></div></div><div class="css-0"><div class="css-f5i5wc"><div class="chakra-linkbox css-vhnn8v"><div data-testid="product-image" class="css-16dr4ly"><img alt="null Lion &amp; Globe Peanut Oil 2 l, $11.00/1ea" src="https://assets.shop.loblaws.ca/products/20739039/b3/en/front/20739039_front_a06_@2.png" srcset="https://assets.shop.loblaws.ca/products/20739039/b3/en/front/20739039_front_a06_@2.png 1x, https://assets.shop.loblaws.ca/products/20739039/b3/en/front/20739039_front_a06_@2.png 2x" loading="lazy" class="chakra-image css-oguq8l" aria-hidden="true"></div><div class="css-qoklea"><div class="css-12dchmx"></div><div data-testid="price-product-tile" class="css-8atqhb"><p class="chakra-text css-0"><span class="chakra-text css-pwnbcb" data-testid="regular-price"><span class="css-idkz9h">$21.99</span>$21.99</span></p><p class="chakra-text css-0"></p></div><a href="/lion-globe-peanut-oil/p/20739039_EA" class="chakra-linkbox__overlay css-1hnz6hu"><div class="css-0"><h3 class="chakra-heading css-6qrhwc" id="20739039_EA" data-testid="product-title">Lion &amp; Globe Peanut Oil</h3><p class="chakra-text css-1yftjin" data-testid="product-package-size">2 l, $11.00/1ea</p></div></a><div class="css-8keand"></div></div><div class="css-1q5omjq"><div class="css-fcebb8"><div data-testid="atc-compact" class="css-y94ivq" style="width: 45px;"><button type="button" class="chakra-button css-mudsm6" data-testid="atc-button"><svg stroke="currentColor" fill="currentColor" stroke-width="0" viewBox="0 0 24 24" focusable="false" class="chakra-icon css-1g3sp7a" data-testid="btn-icon" aria-hidden="true" height="1em" width="1em" xmlns="http://www.w3.org/2000/svg"><path d="M19 13h-6v6h-2v-6H5v-2h6V5h2v6h6v2z"></path></svg><span class="css-idkz9h">Add Lion &amp; Globe Peanut Oil to cart</span></button></div></div></div></div></div></div><div class="css-0"><div class="css-f5i5wc"><div class="chakra-linkbox css-vhnn8v"><div data-testid="product-image" class="css-16dr4ly"><img alt="Lee Kum Kee Brown Braising Sauce 410 ml 410 ml, $1.05/100ml" src="https://assets.shop.loblaws.ca/products/21373779/b3/en/front/21373779_front_a06_@2.png" srcset="https://assets.shop.loblaws.ca/products/21373779/b3/en/front/21373779_front_a06_@2.png 1x, https://assets.shop.loblaws.ca/products/21373779/b3/en/front/21373779_front_a06_@2.png 2x" loading="lazy" class="chakra-image css-oguq8l" aria-hidden="true"></div><div class="css-qoklea"><div class="css-12dchmx"></div><div data-testid="price-product-tile" class="css-8atqhb"><p class="chakra-text css-0"><span class="chakra-text css-pwnbcb" data-testid="regular-price"><span class="css-idkz9h">$4.29</span>$4.29</span></p><p class="chakra-text css-0"></p></div><a href="/brown-braising-sauce-410-ml/p/21373779_EA" class="chakra-linkbox__overlay css-1hnz6hu"><div class="css-0"><p class="chakra-text css-1ecdp9w" data-testid="product-brand">Lee Kum Kee</p><h3 class="chakra-heading css-6qrhwc" id="21373779_EA" data-testid="product-title">Brown Braising Sauce 410 ml</h3><p class="chakra-text css-1yftjin" data-testid="product-package-size">410 ml, $1.05/100ml</p></div></a><div class="css-8keand"></div></div><div class="css-1q5omjq"><div class="css-fcebb8"><div data-testid="atc-compact" class="css-y94ivq" style="width: 45px;"><button type="button" class="chakra-button css-mudsm6" data-testid="atc-button"><svg stroke="currentColor" fill="currentColor" stroke-width="0" viewBox="0 0 24 24" focusable="false" class="chakra-icon css-1g3sp7a" data-testid="btn-icon" aria-hidden="true" height="1em" width="1em" xmlns="http://www.w3.org/2000/svg"><path d="M19 13h-6v6h-2v-6H5v-2h6V5h2v6h6v2z"></path></svg><span class="css-idkz9h">Add Brown Braising Sauce 410 ml to cart</span></button></div></div></div></div></div></div><div class="css-0"><div class="css-f5i5wc"><div class="chakra-linkbox css-vhnn8v"><div data-testid="product-image" class="css-16dr4ly"><img alt="Sempio Soy Bean Paste     460 g, $1.19/100g" src="https://assets.shop.loblaws.ca/products/20738501/b3/en/front/20738501_front_a06_@2.png" srcset="https://assets.shop.loblaws.ca/products/20738501/b3/en/front/20738501_front_a06_@2.png 1x, https://assets.shop.loblaws.ca/products/20738501/b3/en/front/20738501_front_a06_@2.png 2x" loading="lazy" class="chakra-image css-oguq8l" aria-hidden="true"></div><div class="css-qoklea"><div class="css-12dchmx"></div><div data-testid="price-product-tile" class="css-8atqhb"><p class="chakra-text css-0"><span class="chakra-text css-pwnbcb" data-testid="regular-price"><span class="css-idkz9h">$5.49</span>$5.49</span></p><p class="chakra-text css-0"></p></div><a href="/soy-bean-paste/p/20738501_EA" class="chakra-linkbox__overlay css-1hnz6hu"><div class="css-0"><p class="chakra-text css-1ecdp9w" data-testid="product-brand">Sempio</p><h3 class="chakra-heading css-6qrhwc" id="20738501_EA" data-testid="product-title">Soy Bean Paste    </h3><p class="chakra-text css-1yftjin" data-testid="product-package-size">460 g, $1.19/100g</p></div></a><div class="css-8keand"></div></div><div class="css-1q5omjq"><div class="css-fcebb8"><div data-testid="atc-compact" class="css-y94ivq" style="width: 45px;"><button type="button" class="chakra-button css-mudsm6" data-testid="atc-button"><svg stroke="currentColor" fill="currentColor" stroke-width="0" viewBox="0 0 24 24" focusable="false" class="chakra-icon css-1g3sp7a" data-testid="btn-icon" aria-hidden="true" height="1em" width="1em" xmlns="http://www.w3.org/2000/svg"><path d="M19 13h-6v6h-2v-6H5v-2h6V5h2v6h6v2z"></path></svg><span class="css-idkz9h">Add Soy Bean Paste     to cart</span></button></div></div></div></div></div></div><div class="css-0"><div class="css-f5i5wc"><div class="chakra-linkbox css-vhnn8v"><div data-testid="product-image" class="css-16dr4ly"><img alt="Heavenly Flavors Chili Oil 255 ml, $3.92/100ml" src="https://assets.shop.loblaws.ca/products/21454979/b3/en/front/21454979_front_a06_@2.png" srcset="https://assets.shop.loblaws.ca/products/21454979/b3/en/front/21454979_front_a06_@2.png 1x, https://assets.shop.loblaws.ca/products/21454979/b3/en/front/21454979_front_a06_@2.png 2x" loading="lazy" class="chakra-image css-oguq8l" aria-hidden="true"></div><div class="css-qoklea"><div class="css-12dchmx"></div><div data-testid="price-product-tile" class="css-8atqhb"><p class="chakra-text css-0"><span class="chakra-text css-pwnbcb" data-testid="regular-price"><span class="css-idkz9h">$9.99</span>$9.99</span></p><p class="chakra-text css-0"></p></div><a href="/chili-oil/p/21454979_EA" class="chakra-linkbox__overlay css-1hnz6hu"><div class="css-0"><p class="chakra-text css-1ecdp9w" data-testid="product-brand">Heavenly Flavors</p><h3 class="chakra-heading css-6qrhwc" id="21454979_EA" data-testid="product-title">Chili Oil</h3><p class="chakra-text css-1yftjin" data-testid="product-package-size">255 ml, $3.92/100ml</p></div></a><div class="css-8keand"></div></div><div class="css-1q5omjq"><div class="css-fcebb8"><div data-testid="atc-compact" class="css-y94ivq" style="width: 45px;"><button type="button" class="chakra-button css-mudsm6" data-testid="atc-button"><svg stroke="currentColor" fill="currentColor" stroke-width="0" viewBox="0 0 24 24" focusable="false" class="chakra-icon css-1g3sp7a" data-testid="btn-icon" aria-hidden="true" height="1em" width="1em" xmlns="http://www.w3.org/2000/svg"><path d="M19 13h-6v6h-2v-6H5v-2h6V5h2v6h6v2z"></path></svg><span class="css-idkz9h">Add Chili Oil to cart</span></button></div></div></div></div></div></div><div class="css-0"><div class="css-f5i5wc"><div class="chakra-linkbox css-vhnn8v"><div data-testid="product-image" class="css-16dr4ly"><img alt="House Foods Wasabi 43 g, $8.12/100g" src="https://assets.shop.loblaws.ca/products/20811303/b3/en/front/20811303_front_a06_@2.png" srcset="https://assets.shop.loblaws.ca/products/20811303/b3/en/front/20811303_front_a06_@2.png 1x, https://assets.shop.loblaws.ca/products/20811303/b3/en/front/20811303_front_a06_@2.png 2x" loading="lazy" class="chakra-image css-oguq8l" aria-hidden="true"></div><div class="css-qoklea"><div class="css-12dchmx"></div><div data-testid="price-product-tile" class="css-8atqhb"><p class="chakra-text css-0"><span class="chakra-text css-pwnbcb" data-testid="regular-price"><span class="css-idkz9h">$3.49</span>$3.49</span></p><p class="chakra-text css-0"></p></div><a href="/wasabi/p/20811303_EA" class="chakra-linkbox__overlay css-1hnz6hu"><div class="css-0"><p class="chakra-text css-1ecdp9w" data-testid="product-brand">House Foods</p><h3 class="chakra-heading css-6qrhwc" id="20811303_EA" data-testid="product-title">Wasabi</h3><p class="chakra-text css-1yftjin" data-testid="product-package-size">43 g, $8.12/100g</p></div></a><div class="css-8keand"></div></div><div class="css-1q5omjq"><div class="css-fcebb8"><div data-testid="atc-compact" class="css-y94ivq" style="width: 45px;"><button type="button" class="chakra-button css-mudsm6" data-testid="atc-button"><svg stroke="currentColor" fill="currentColor" stroke-width="0" viewBox="0 0 24 24" focusable="false" class="chakra-icon css-1g3sp7a" data-testid="btn-icon" aria-hidden="true" height="1em" width="1em" xmlns="http://www.w3.org/2000/svg"><path d="M19 13h-6v6h-2v-6H5v-2h6V5h2v6h6v2z"></path></svg><span class="css-idkz9h">Add Wasabi to cart</span></button></div></div></div></div></div></div></div><div class="chakra-stack css-1ei4sqy"><nav aria-label="Pagination" data-testid="pagination" class="css-1rb8z0p"><button disabled="" aria-label="Previous Page" class="css-cj6qwt"><svg stroke="currentColor" fill="currentColor" stroke-width="0" viewBox="0 0 24 24" focusable="false" class="chakra-icon css-13otjrl" height="1em" width="1em" xmlns="http://www.w3.org/2000/svg"><path d="M20 11H7.83l5.59-5.59L12 4l-8 8 8 8 1.41-1.41L7.83 13H20v-2z"></path></svg></button><button aria-label="Page 1" aria-current="true" class="css-fwbms5">1</button><button aria-label="Page 2" class="css-1f4yp4r">2</button><button aria-label="Next Page" class="css-cj6qwt"><svg stroke="currentColor" fill="currentColor" stroke-width="0" viewBox="0 0 24 24" focusable="false" class="chakra-icon css-13otjrl" height="1em" width="1em" xmlns="http://www.w3.org/2000/svg"><path d="M12 4l-1.41 1.41L16.17 11H4v2h12.17l-5.58 5.59L12 20l8-8z"></path></svg></button></nav></div></div></div><span id="__chakra_env" hidden=""></span></div></main></div><div class="site-layout__footer" data-auid="footer"><div class="site-footer-wrapper"><div class="site-footer-wrapper__footer"><footer class="site-footer" id="site-footer" role="contentinfo" aria-label="Footer"><div class="social-links"><a href="http://instagram.com/loblawson" aria-describedby="describe-link-opens-new-tab" target="_blank" rel="noopener noreferrer" class="social-links__link" data-track="footerSocialMediaLink" data-track-link-name="social-media-button-instagram" data-is-external-link="true"><img src="https://assets.shop.loblaws.ca/ContentMedia/lsl/icons/icon-sm-instagram.png" class="social-icon" alt="instagram"></a><a href="http://twitter.com/loblawson" aria-describedby="describe-link-opens-new-tab" target="_blank" rel="noopener noreferrer" class="social-links__link" data-track="footerSocialMediaLink" data-track-link-name="social-media-button-twitter" data-is-external-link="true"><img src="https://assets.shop.loblaws.ca/ContentMedia/lsl/icons/icon-sm-twitter.png" class="social-icon" alt="twitter"></a><a href="https://www.facebook.com/LoblawsON/" aria-describedby="describe-link-opens-new-tab" target="_blank" rel="noopener noreferrer" class="social-links__link" data-track="footerSocialMediaLink" data-track-link-name="social-media-button-facebook" data-is-external-link="true"><img src="https://assets.shop.loblaws.ca/ContentMedia/lsl/icons/icon-sm-facebook.png" class="social-icon" alt="facebook"></a></div><nav aria-label="Footer navigation"><div class="navigation-footer"><div class="navigation-footer__panel navigation-footer__panel--inactive" data-cruller="conditional-content-inactive"><span class="navigation-footer__panel__title navigation-footer__panel__title--text">About PC Express</span><ul class="navigation-footer__panel__list"><li class="navigation-footer__panel__list__item"><a class="navigation-item navigation-item--navigation-footer" data-auid="click:all-about-pcx:faqs-link" data-track="data-track" data-track-link-name="about-pc-express:faqs" href="/faq?icta=click:all-about-pcx:faqs">FAQs</a></li><li class="navigation-footer__panel__list__item"><a class="navigation-item navigation-item--navigation-footer" data-auid="click:all-about-pcx:pcx-online-grocery-link" data-track="data-track" data-track-link-name="about-pc-express:how-it-works" href="/online-grocery-shopping?icta=click:all-about-pcx:pcx-online-grocery">How It Works</a></li><li class="navigation-footer__panel__list__item"><a class="navigation-item navigation-item--navigation-footer" data-auid="click:all-about-pcx:delivery -link" data-track="data-track" data-track-link-name="about-pc-express:delivery-" href="/pcx-delivery?icta=click:all-about-pcx:delivery">Delivery </a></li><li class="navigation-footer__panel__list__item"><a class="navigation-item navigation-item--navigation-footer" data-auid="click:all-about-pcx:pickup-link" data-track="data-track" data-track-link-name="about-pc-express:pickup" href="/online-grocery-shopping?icta=click:all-about-pcx:pickup">Pickup</a></li><li class="navigation-footer__panel__list__item"><a class="navigation-item navigation-item--navigation-footer" data-auid="click:all-about-pcx:go-green-link" data-track="data-track" data-track-link-name="about-pc-express:reusable-box-swap" href="/gogreen?icta=click:all-about-pcx:go-green">Reusable Box Swap</a></li></ul></div><div class="navigation-footer__panel navigation-footer__panel--inactive" data-cruller="conditional-content-inactive"><span class="navigation-footer__panel__title navigation-footer__panel__title--text">Popular Categories</span><ul class="navigation-footer__panel__list"><li class="navigation-footer__panel__list__item"><a class="navigation-item navigation-item--navigation-footer" data-auid="click:shop-popular-categories:weekly-flyer-link" data-track="data-track" data-track-link-name="popular-categories:weekly-flyer" href="/deals/flyer?icta=click:shop-popular-categories:weekly-flyer">Weekly Flyer</a></li><li class="navigation-footer__panel__list__item"><a class="navigation-item navigation-item--navigation-footer" data-auid="click:shop-popular-categories:fruits-vegetables-link" data-track="data-track" data-track-link-name="popular-categories:fruits-&amp;-vegetables" href="/food/fruits-vegetables/c/28000?icta=click:shop-popular-categories:fruits-vegetables">Fruits &amp; Vegetables</a></li><li class="navigation-footer__panel__list__item"><a class="navigation-item navigation-item--navigation-footer" data-auid="click:shop-popular-categories:dairy-eggs-link" data-track="data-track" data-track-link-name="popular-categories:dairy-&amp;-eggs" href="/food/dairy-eggs/c/28003?icta=click:shop-popular-categories:dairy-eggs">Dairy &amp; Eggs</a></li><li class="navigation-footer__panel__list__item"><a class="navigation-item navigation-item--navigation-footer" data-auid="click:shop-popular-categories:pantry-link" data-track="data-track" data-track-link-name="popular-categories:pantry" href="/food/pantry/c/28006?icta=click:shop-popular-categories:pantry">Pantry</a></li><li class="navigation-footer__panel__list__item"><a class="navigation-item navigation-item--navigation-footer" data-auid="click:shop-popular-categories:meat-link" data-track="data-track" data-track-link-name="popular-categories:meat-" href="/meat/c/27998?icta=click:shop-popular-categories:meat">Meat </a></li><li class="navigation-footer__panel__list__item"><a class="navigation-item navigation-item--navigation-footer" data-auid="click:shop-popular-categories:bakery-link" data-track="data-track" data-track-link-name="popular-categories:bakery" href="/food/bakery/c/28002?icta=click:shop-popular-categories:bakery">Bakery</a></li><li class="navigation-footer__panel__list__item"><a class="navigation-item navigation-item--navigation-footer" data-auid="click:shop-popular-categories:joe-fresh-link" data-track="data-track" data-track-link-name="popular-categories:joe-fresh" href="/joe-fresh/c/56017?icta=click:shop-popular-categories:joe-fresh">Joe Fresh</a></li></ul></div><div class="navigation-footer__panel navigation-footer__panel--inactive" data-cruller="conditional-content-inactive"><span class="navigation-footer__panel__title navigation-footer__panel__title--text">More Services</span><ul class="navigation-footer__panel__list"><li class="navigation-footer__panel__list__item"><a class="navigation-item navigation-item--navigation-footer" data-auid="click:more-services:pcoi-link" data-track="data-track" data-track-link-name="more-services:pc-optimum-insiders" href="/loyalty?icta=click:more-services:pcoi">PC Optimum Insiders</a></li><li class="navigation-footer__panel__list__item"><a href="https://www.giftofchoice.ca/en/" aria-describedby="describe-link-opens-new-tab" target="_blank" rel="noopener noreferrer" class="navigation-item navigation-item--navigation-footer" data-auid="click:more-services:gift-cards-link" data-track="data-track" data-track-link-name="more-services:gift-cards" data-is-external-link="true">Gift Cards</a></li><li class="navigation-footer__panel__list__item"><a class="navigation-item navigation-item--navigation-footer" data-auid="click:more-services:pharmacy-link" data-track="data-track" data-track-link-name="more-services:pharmacy" href="/pharmacy?icta=click:more-services:pharmacy">Pharmacy</a></li><li class="navigation-footer__panel__list__item"><a href="https://www.photolab.ca/en-CA" aria-describedby="describe-link-opens-new-tab" target="_blank" rel="noopener noreferrer" class="navigation-item navigation-item--navigation-footer" data-auid="click:more-services:photo-lab-link" data-track="data-track" data-track-link-name="more-services:photo-lab" data-is-external-link="true">Photo Lab</a></li><li class="navigation-footer__panel__list__item"><a href="https://www.pcfinancial.ca/en/" aria-describedby="describe-link-opens-new-tab" target="_blank" rel="noopener noreferrer" class="navigation-item navigation-item--navigation-footer" data-auid="click:more-services:pcoi-link" data-track="data-track" data-track-link-name="more-services:pc-financial" data-is-external-link="true">PC Financial</a></li><li class="navigation-footer__panel__list__item"><a href="/rapid-delivery?icta=click:more-services:rapid" aria-describedby="describe-link-opens-new-tab" target="_blank" rel="noopener noreferrer" class="navigation-item navigation-item--navigation-footer" data-auid="click:more-services:rapid-link" data-track="data-track" data-track-link-name="more-services:rapid-delivery" data-is-external-link="true">Rapid Delivery</a></li><li class="navigation-footer__panel__list__item"><a href="https://www.presidentschoice.ca/recipes" aria-describedby="describe-link-opens-new-tab" target="_blank" rel="noopener noreferrer" class="navigation-item navigation-item--navigation-footer" data-auid="click:more-services:recipes-link" data-track="data-track" data-track-link-name="more-services:recipes" data-is-external-link="true">Recipes</a></li></ul></div><div class="navigation-footer__panel navigation-footer__panel--inactive" data-cruller="conditional-content-inactive"><span class="navigation-footer__panel__title navigation-footer__panel__title--text">Partner with Us</span><ul class="navigation-footer__panel__list"><li class="navigation-footer__panel__list__item"><a href="https://www.loblawadvance.ca/" aria-describedby="describe-link-opens-new-tab" target="_blank" rel="noopener noreferrer" class="navigation-item navigation-item--navigation-footer" data-auid="click:partner-with-us:advertise-with-loblaw-media-link" data-track="data-track" data-track-link-name="partner-with-us:advertise-with-advance-powered-by-loblaw" data-is-external-link="true">Advertise with Advance powered by Loblaw</a></li></ul></div><div class="navigation-footer__panel navigation-footer__panel--inactive" data-cruller="conditional-content-inactive"><span class="navigation-footer__panel__title navigation-footer__panel__title--text">About Us</span><ul class="navigation-footer__panel__list"><li class="navigation-footer__panel__list__item"><a class="navigation-item navigation-item--navigation-footer" data-auid="click:about-us:who-we-are-link" data-track="data-track" data-track-link-name="about-us:who-we-are" href="/about?icta=click:about-us:who-we-are">Who We Are</a></li><li class="navigation-footer__panel__list__item"><a href="https://www.pcchildrenscharity.ca/" aria-describedby="describe-link-opens-new-tab" target="_blank" rel="noopener noreferrer" class="navigation-item navigation-item--navigation-footer" data-auid="click:about-us:charity-community-link" data-track="data-track" data-track-link-name="about-us:charity-&amp;-community" data-is-external-link="true">Charity &amp; Community</a></li><li class="navigation-footer__panel__list__item"><a href="https://www.loblaw.ca/en/responsibility" aria-describedby="describe-link-opens-new-tab" target="_blank" rel="noopener noreferrer" class="navigation-item navigation-item--navigation-footer" data-auid="click:about-us:corporate-social-responsibility-link" data-track="data-track" data-track-link-name="about-us:corporate-social-responsibility" data-is-external-link="true">Corporate Social Responsibility</a></li><li class="navigation-footer__panel__list__item"><a href="/our-stores?icta=click:about-us:partner-stores" aria-describedby="describe-link-opens-new-tab" target="_blank" rel="noopener noreferrer" class="navigation-item navigation-item--navigation-footer" data-auid="click:about-us:partner-stores-link" data-track="data-track" data-track-link-name="about-us:partner-stores" data-is-external-link="true">Partner stores</a></li><li class="navigation-footer__panel__list__item"><a class="navigation-item navigation-item--navigation-footer" data-auid="click:about-us:store-locator-link" data-track="data-track" data-track-link-name="about-us:store-locator" href="/store-locator?icta=click:about-us:store-locator">Store Locator</a></li><li class="navigation-footer__panel__list__item"><a class="navigation-item navigation-item--navigation-footer" data-auid="click:about-us:contact-us-link" data-track="data-track" data-track-link-name="about-us:contact-us" href="/contact-us?icta=click:about-us:contact-us">Contact Us</a></li><li class="navigation-footer__panel__list__item"><a href="https://www.loblaw.ca/en/life-at-loblaw" aria-describedby="describe-link-opens-new-tab" target="_blank" rel="noopener noreferrer" class="navigation-item navigation-item--navigation-footer" data-auid="click:about-us:careers-link" data-track="data-track" data-track-link-name="about-us:careers" data-is-external-link="true">Careers</a></li></ul></div></div></nav><div class="content-footer"><ul class="content-footer__list"><li class="content-footer__list__item"><a class="navigation-item navigation-item--content-footer__list__item__link" data-auid="language-toggle-link" href="/">Franais</a></li><li class="content-footer__list__item"></li><li class="content-footer__list__item"><a href="https://www.loblaw.ca/en/privacy-policy" aria-describedby="describe-link-opens-new-tab" target="_blank" rel="noopener noreferrer" class="navigation-item navigation-item--content-footer__list__item__link" data-auid="privacy-policy-link" data-is-external-link="true">Privacy Policy</a></li><li class="content-footer__list__item"></li><li class="content-footer__list__item"><a href="/termsofuse?icta=click:legal:terms-of-use" aria-describedby="describe-link-opens-new-tab" target="_blank" rel="noopener noreferrer" class="navigation-item navigation-item--content-footer__list__item__link" data-auid="terms-of-use-link" data-is-external-link="true">Terms of Use*</a></li><li class="content-footer__list__item"></li><li class="content-footer__list__item"></li><li class="content-footer__list__item"></li><li class="content-footer__list__item"><a href="https://www.loblaw.ca/en/accessibility-policy/" aria-describedby="describe-link-opens-new-tab" target="_blank" rel="noopener noreferrer" class="navigation-item navigation-item--content-footer__list__item__link" data-auid="accessibility-link" data-is-external-link="true">Accessibility</a></li><li class="content-footer__list__item"></li><li class="content-footer__list__item"></li></ul><span class="copyright-formality"> Loblaws Inc. All Rights Reserved</span></div></footer></div></div></div><div class="screen-reader-elements"><div id="describe-link-opens-new-tab">Opens in new tab</div></div> <div class="aria-live" role="" aria-atomic="true"></div></div></div>
        <div id="privacy-policy"><div tabindex="0" aria-label="Loblaw Privacy Policy" aria-describedby="lds__privacy-policy" class="lds__privacy-policy lds__privacy-policy__positionBottom"><div class="lds__privacy-policy__innerWrapper"><div id="lds__privacy-policy"><p>We use cookies and other technologies to enable core functionality on our website(s) and to provide you with a personalized experience. For more information on cookies and how to manage your settings, visit the <a href="https://www.loblaw.ca/en/privacy.html" target="_blank" class="lds__privacy-policy__link">Loblaw Privacy Policy</a>.</p></div><button type="button" class="lds__privacy-policy__btnClose">close</button></div></div></div>
        <div class="ad-box" id="test-ad" style="position:fixed;top:0;left:0;" aria-hidden="true"></div>
        
        <script defer="" type="text/javascript" src="https://static.zuora.com/Resources/libs/hosted/1.3.1/zuora-min.js"></script>
        
        <script>
            window['ldBronxCDNPath'] = 'https://assets.loblaws.ca/pcx_bronx_fe_prod/builds/production/3.46.3/2efbc63f/loblaws';
            window['ldBronxAppBundle'] = 'https://assets.loblaws.ca/pcx_bronx_fe_prod/builds/production/3.46.3/2efbc63f/loblaws/loblaws-bundle.js';
        </script>
        <script src="/static/js/pcx_common.js" fetchpriority="high"></script>
        <script async="true" src="https://assets.loblaws.ca/pcx_bronx_fe_prod/builds/production/3.46.3/2efbc63f/loblaws/loblaws-vendor.bundle.js" fetchpriority="high"></script>
    <script type="text/javascript" src="/udPvgn/GG/Hm/u0K2/reI3JWtthV/XEuEhckiiOit/ChhnPnsWAg/d1I/8OEETewc"></script>

<script type="text/javascript" id="" src="https://resources.digital-cloud.medallia.ca/wdccan/3970/onsite/embed.js"></script><script type="text/javascript" async="" src="https://resources.digital-cloud.medallia.ca/wdccan/3970/onsite/generic1709295321116.js" charset="UTF-8"></script><style title="MDigital_animationStyle"></style><span id="MDigitalLightboxWrapper"><div id="kampyleFormContainer" style="top:0 !important;left:0 !important;width: 100% !important;height: 100% !important;position: fixed !important;visibility:hidden !important;display:table !important;background-color: rgba(102,102,102,0.4) !important;z-index:99999999 !important;-webkit-overflow-scrolling: touch !important; "> <div id="innerContainer">   <div id="kampyleFormModal" style="z-index:99999999 !important; -webkit-overflow-scrolling: touch !important;"><iframe id="kampyleForm340" src="https://resources.digital-cloud.medallia.ca/wdccan/3970/forms/340/form1708936606396.html?formId=340&amp;type=live&amp;isMobile=false&amp;referrer=https%3A%2F%2Fwww.loblaws.ca%2Ffood%2Finternational-foods%2Feast-asian-foods%2Fcondiments-sauces-oil%2Fc%2F58472&amp;region=digital-cloud-can&amp;isWCAG=true&amp;displayType=lightbox&amp;isSeparateFormTemplateFromData=true&amp;domainsListRelativePath=..%7C..%7C..%7C..%7Cwdccan%2F3970%2Fonsite" tabindex="-1" title="Feedback Survey" origin="https://resources.digital-cloud.medallia.ca" style="border: 0px !important; height: 100% !important; max-height: 100% !important; min-height: 100% !important; width: 100% !important; max-width: 100% !important; min-width: 100% !important; display: none !important; position: fixed !important;"></iframe></div> <div id="MDigital_spinnerContainer" class="neb-loading-spinner" style="display: none; height: 100% !important; z-index: 2147483647 !important; position: absolute !important; width: 100% !important; top: 0px !important;"><div id="MDigital_spinnerCircle" style="border-width: 4px !important; border-style: solid !important; border-color: rgb(64, 80, 198) rgb(243, 243, 243) rgb(243, 243, 243) !important; border-image: initial !important; border-radius: 50% !important; width: 40px !important; height: 40px !important; margin-top: 5px !important; margin-right: 5px !important; top: calc(50% - 24px) !important; left: calc(50% - 24px) !important; position: relative !important; animation: 1s linear 0s infinite normal none running MDigital_spin !important;"></div></div></div></div></span><div id="kampyle_abandon_zone" style="width: 100%; height: 5px; z-index: 9999999; position: fixed; top: 0px;"></div><script type="application/javascript" src="https://api.ipify.org?format=jsonp&amp;callback=getIP" async=""></script><iframe src="https://a32e066fea0f8c7cd1b2b1dc032c1f8e.safeframe.googlesyndication.com/safeframe/1-0-40/html/container.html" style="visibility: hidden; display: none;"></iframe><div><div class="rc-drawer rc-drawer-right" tabindex="-1"><div tabindex="0" aria-hidden="true" data-sentinel="start" style="width: 0px; height: 0px; overflow: hidden; outline: none; position: absolute;"></div><div class="rc-drawer-content-wrapper" style="width: 378px; display: none;"><div class="rc-drawer-content css-0" aria-modal="true" role="dialog"><div class="css-79elbk"><div class="chakra-portal"><div class="css-r57wu3"><div class="css-16dh0wp"><div class="css-1g98gch"><header class="css-0"><h3 class="chakra-heading css-1lphr3c">Filters</h3></header><button type="button" aria-label="Close" class="css-4abrhy"><svg viewBox="0 0 24 24" focusable="false" class="chakra-icon css-onkibi" aria-hidden="true"><path fill="currentColor" d="M.439,21.44a1.5,1.5,0,0,0,2.122,2.121L11.823,14.3a.25.25,0,0,1,.354,0l9.262,9.263a1.5,1.5,0,1,0,2.122-2.121L14.3,12.177a.25.25,0,0,1,0-.354l9.263-9.262A1.5,1.5,0,0,0,21.439.44L12.177,9.7a.25.25,0,0,1-.354,0L2.561.44A1.5,1.5,0,0,0,.439,2.561L9.7,11.823a.25.25,0,0,1,0,.354Z"></path></svg></button></div><div class="css-0"><div data-testid="select-accordion" class="css-1kch9dj"><p class="chakra-text css-1plhjhw" data-testid="select-accordion-heading">Sort</p><div class="chakra-accordion css-8atqhb"><div data-testid="accordion-item" class="chakra-accordion__item css-1eqvzj9"><button type="button" id="accordion-button-:r1:" aria-expanded="false" aria-controls="accordion-panel-:r1:" class="chakra-accordion__button css-hrnt5e" data-index="0"><div class="css-gc18h7"><div class="chakra-stack css-84zodg"><p class="chakra-heading css-1m68k9a" data-testid="accordion-title">Sort By: Relevance</p></div></div><svg viewBox="0 0 24 24" focusable="false" class="chakra-icon chakra-accordion__icon css-17nyvs4" aria-hidden="true" data-testid="accordion-icon" spacing="0.5rem"><path fill="currentColor" d="M16.59 8.59L12 13.17 7.41 8.59 6 10l6 6 6-6z"></path></svg></button><div class="chakra-collapse" style="overflow: hidden; display: none; opacity: 0; height: 0px;"><div role="region" id="accordion-panel-:r1:" aria-labelledby="accordion-button-:r1:" class="chakra-accordion__panel css-1kqfy7j"><div data-testid="vertical-scroller-container" class="css-17425t2"><div class="chakra-stack css-owjkmg"><button type="button" class="chakra-button css-1n1hxvl" data-testid="select-accordion-button"><p class="chakra-text css-xnoh5a">Relevance</p><div class="css-fgvdkv"><svg stroke="currentColor" fill="currentColor" stroke-width="0" viewBox="0 0 24 24" focusable="false" class="chakra-icon css-mx1w0t" data-testid="select-accordion-check-icon" height="1em" width="1em" xmlns="http://www.w3.org/2000/svg"><path d="M9 16.17L4.83 12l-1.42 1.41L9 19 21 7l-1.41-1.41z"></path></svg></div></button><button type="button" class="chakra-button css-1n1hxvl" data-testid="select-accordion-button"><p class="chakra-text css-xnoh5a">Price (Low to High)</p></button><button type="button" class="chakra-button css-1n1hxvl" data-testid="select-accordion-button"><p class="chakra-text css-xnoh5a">Price (High to Low)</p></button><button type="button" class="chakra-button css-1n1hxvl" data-testid="select-accordion-button"><p class="chakra-text css-xnoh5a">A-Z (alphabetical)</p></button><button type="button" class="chakra-button css-1n1hxvl" data-testid="select-accordion-button"><p class="chakra-text css-xnoh5a">Newest to Oldest Products</p></button></div></div></div></div></div></div></div><div data-testid="filters" class="css-0"><h3 class="chakra-heading css-1je9eg" data-testid="filters-title">Filters</h3><div class="chakra-accordion css-8atqhb"><div data-testid="accordion-item" class="chakra-accordion__item css-1eqvzj9"><button type="button" id="accordion-button-:r4:" aria-expanded="false" aria-controls="accordion-panel-:r4:" class="chakra-accordion__button css-hrnt5e" data-index="0"><div class="css-gc18h7"><div class="chakra-stack css-84zodg"><p class="chakra-heading css-1m68k9a" data-testid="accordion-title">Brand</p></div></div><svg viewBox="0 0 24 24" focusable="false" class="chakra-icon chakra-accordion__icon css-17nyvs4" aria-hidden="true" data-testid="accordion-icon" spacing="0.5rem"><path fill="currentColor" d="M16.59 8.59L12 13.17 7.41 8.59 6 10l6 6 6-6z"></path></svg></button><div class="chakra-collapse" style="overflow: hidden; display: none; opacity: 0; height: 0px;"><div role="region" id="accordion-panel-:r4:" aria-labelledby="accordion-button-:r4:" class="chakra-accordion__panel css-1kqfy7j"><div data-testid="multiselect-filter" class="css-0"><div class="css-olyig7"><div class="css-1qqj5bb"><div class="chakra-input__group css-4302v8"><input name="Brand" aria-label="Search Brand" type="text" autocomplete="none" placeholder="Search" data-testid="search-bar-input" class="chakra-input css-bq0vr5" value=""><div class="chakra-input__right-element css-e8p12v"><button class="chakra-button css-1kf5bqh" aria-label="Clear search term" data-testid="clear-btn" type="button"><svg stroke="currentColor" fill="currentColor" stroke-width="0" viewBox="0 0 24 24" aria-hidden="true" focusable="false" height="1em" width="1em" xmlns="http://www.w3.org/2000/svg"><path d="M19 6.41L17.59 5 12 10.59 6.41 5 5 6.41 10.59 12 5 17.59 6.41 19 12 13.41 17.59 19 19 17.59 13.41 12z"></path></svg></button><hr aria-orientation="vertical" class="chakra-divider css-1hfdh7v"></div><div class="chakra-input__right-element css-fpzj2j"><button class="chakra-button css-1ln0r8q" data-testid="search-icon" type="button"><svg stroke="currentColor" fill="currentColor" stroke-width="0" viewBox="0 0 24 24" aria-hidden="true" focusable="false" height="1em" width="1em" xmlns="http://www.w3.org/2000/svg"><path d="M15.5 14h-.79l-.28-.27C15.41 12.59 16 11.11 16 9.5 16 5.91 13.09 3 9.5 3S3 5.91 3 9.5 5.91 16 9.5 16c1.61 0 3.09-.59 4.23-1.57l.27.28v.79l5 4.99L20.49 19l-4.99-5zm-6 0C7.01 14 5 11.99 5 9.5S7.01 5 9.5 5 14 7.01 14 9.5 11.99 14 9.5 14z"></path></svg></button></div></div><div data-testid="typeahead-container" class="css-1pb98rg"></div></div></div><fieldset class="css-0"><legend class="css-idkz9h">filter by Brand. Choosing a filter will reload the page with the new results</legend><div data-testid="vertical-scroller-container" class="css-8eow9g"><fieldset class="css-0"><legend class="css-idkz9h"></legend><ul role="list" class="css-155za0w"><li data-testid="filter-item" class="css-0"><label class="chakra-checkbox css-1gpkbbx" data-testid="filter-checkbox"><input class="chakra-checkbox__input" type="checkbox" name="Six Fortune" value="6FOR" style="border: 0px; clip: rect(0px, 0px, 0px, 0px); height: 1px; width: 1px; margin: -1px; padding: 0px; overflow: hidden; white-space: nowrap; position: absolute;"><span class="chakra-checkbox__control css-fqst55" aria-hidden="true"></span><span class="chakra-checkbox__label css-poea06">Six Fortune</span></label></li><li data-testid="filter-item" class="css-0"><label class="chakra-checkbox css-1gpkbbx" data-testid="filter-checkbox"><input class="chakra-checkbox__input" type="checkbox" name="Glod Plum" value="GLOD" style="border: 0px; clip: rect(0px, 0px, 0px, 0px); height: 1px; width: 1px; margin: -1px; padding: 0px; overflow: hidden; white-space: nowrap; position: absolute;"><span class="chakra-checkbox__control css-fqst55" aria-hidden="true"></span><span class="chakra-checkbox__label css-poea06">Glod Plum</span></label></li><li data-testid="filter-item" class="css-0"><label class="chakra-checkbox css-1gpkbbx" data-testid="filter-checkbox"><input class="chakra-checkbox__input" type="checkbox" name="Cock" value="COCK" style="border: 0px; clip: rect(0px, 0px, 0px, 0px); height: 1px; width: 1px; margin: -1px; padding: 0px; overflow: hidden; white-space: nowrap; position: absolute;"><span class="chakra-checkbox__control css-fqst55" aria-hidden="true"></span><span class="chakra-checkbox__label css-poea06">Cock</span></label></li><li data-testid="filter-item" class="css-0"><label class="chakra-checkbox css-1gpkbbx" data-testid="filter-checkbox"><input class="chakra-checkbox__input" type="checkbox" name="Flying Goose" value="FLYG" style="border: 0px; clip: rect(0px, 0px, 0px, 0px); height: 1px; width: 1px; margin: -1px; padding: 0px; overflow: hidden; white-space: nowrap; position: absolute;"><span class="chakra-checkbox__control css-fqst55" aria-hidden="true"></span><span class="chakra-checkbox__label css-poea06">Flying Goose</span></label></li><li data-testid="filter-item" class="css-0"><label class="chakra-checkbox css-1gpkbbx" data-testid="filter-checkbox"><input class="chakra-checkbox__input" type="checkbox" name="Kosa" value="KOSA" style="border: 0px; clip: rect(0px, 0px, 0px, 0px); height: 1px; width: 1px; margin: -1px; padding: 0px; overflow: hidden; white-space: nowrap; position: absolute;"><span class="chakra-checkbox__control css-fqst55" aria-hidden="true"></span><span class="chakra-checkbox__label css-poea06">Kosa</span></label></li><li data-testid="filter-item" class="css-0"><label class="chakra-checkbox css-1gpkbbx" data-testid="filter-checkbox"><input class="chakra-checkbox__input" type="checkbox" name="Teriyaki Experience" value="TERI" style="border: 0px; clip: rect(0px, 0px, 0px, 0px); height: 1px; width: 1px; margin: -1px; padding: 0px; overflow: hidden; white-space: nowrap; position: absolute;"><span class="chakra-checkbox__control css-fqst55" aria-hidden="true"></span><span class="chakra-checkbox__label css-poea06">Teriyaki Experience</span></label></li><li data-testid="filter-item" class="css-0"><label class="chakra-checkbox css-1gpkbbx" data-testid="filter-checkbox"><input class="chakra-checkbox__input" type="checkbox" name="Heavenly Flavors" value="HVNF" style="border: 0px; clip: rect(0px, 0px, 0px, 0px); height: 1px; width: 1px; margin: -1px; padding: 0px; overflow: hidden; white-space: nowrap; position: absolute;"><span class="chakra-checkbox__control css-fqst55" aria-hidden="true"></span><span class="chakra-checkbox__label css-poea06">Heavenly Flavors</span></label></li><li data-testid="filter-item" class="css-0"><label class="chakra-checkbox css-1gpkbbx" data-testid="filter-checkbox"><input class="chakra-checkbox__input" type="checkbox" name="Sempio" value="SEMP" style="border: 0px; clip: rect(0px, 0px, 0px, 0px); height: 1px; width: 1px; margin: -1px; padding: 0px; overflow: hidden; white-space: nowrap; position: absolute;"><span class="chakra-checkbox__control css-fqst55" aria-hidden="true"></span><span class="chakra-checkbox__label css-poea06">Sempio</span></label></li><li data-testid="filter-item" class="css-0"><label class="chakra-checkbox css-1gpkbbx" data-testid="filter-checkbox"><input class="chakra-checkbox__input" type="checkbox" name="Foreway" value="FWAY" style="border: 0px; clip: rect(0px, 0px, 0px, 0px); height: 1px; width: 1px; margin: -1px; padding: 0px; overflow: hidden; white-space: nowrap; position: absolute;"><span class="chakra-checkbox__control css-fqst55" aria-hidden="true"></span><span class="chakra-checkbox__label css-poea06">Foreway</span></label></li><li data-testid="filter-item" class="css-0"><label class="chakra-checkbox css-1gpkbbx" data-testid="filter-checkbox"><input class="chakra-checkbox__input" type="checkbox" name="House Foods" value="HSFD" style="border: 0px; clip: rect(0px, 0px, 0px, 0px); height: 1px; width: 1px; margin: -1px; padding: 0px; overflow: hidden; white-space: nowrap; position: absolute;"><span class="chakra-checkbox__control css-fqst55" aria-hidden="true"></span><span class="chakra-checkbox__label css-poea06">House Foods</span></label></li><li data-testid="filter-item" class="css-0"><label class="chakra-checkbox css-1gpkbbx" data-testid="filter-checkbox"><input class="chakra-checkbox__input" type="checkbox" name="Lee Kum Kee" value="LKEE" style="border: 0px; clip: rect(0px, 0px, 0px, 0px); height: 1px; width: 1px; margin: -1px; padding: 0px; overflow: hidden; white-space: nowrap; position: absolute;"><span class="chakra-checkbox__control css-fqst55" aria-hidden="true"></span><span class="chakra-checkbox__label css-poea06">Lee Kum Kee</span></label></li><li data-testid="filter-item" class="css-0"><label class="chakra-checkbox css-1gpkbbx" data-testid="filter-checkbox"><input class="chakra-checkbox__input" type="checkbox" name="China Lily" value="CHLY" style="border: 0px; clip: rect(0px, 0px, 0px, 0px); height: 1px; width: 1px; margin: -1px; padding: 0px; overflow: hidden; white-space: nowrap; position: absolute;"><span class="chakra-checkbox__control css-fqst55" aria-hidden="true"></span><span class="chakra-checkbox__label css-poea06">China Lily</span></label></li><li data-testid="filter-item" class="css-0"><label class="chakra-checkbox css-1gpkbbx" data-testid="filter-checkbox"><input class="chakra-checkbox__input" type="checkbox" name="Squid Brand" value="SQUI" style="border: 0px; clip: rect(0px, 0px, 0px, 0px); height: 1px; width: 1px; margin: -1px; padding: 0px; overflow: hidden; white-space: nowrap; position: absolute;"><span class="chakra-checkbox__control css-fqst55" aria-hidden="true"></span><span class="chakra-checkbox__label css-poea06">Squid Brand</span></label></li><li data-testid="filter-item" class="css-0"><label class="chakra-checkbox css-1gpkbbx" data-testid="filter-checkbox"><input class="chakra-checkbox__input" type="checkbox" name="Lao Gan Ma" value="LGMA" style="border: 0px; clip: rect(0px, 0px, 0px, 0px); height: 1px; width: 1px; margin: -1px; padding: 0px; overflow: hidden; white-space: nowrap; position: absolute;"><span class="chakra-checkbox__control css-fqst55" aria-hidden="true"></span><span class="chakra-checkbox__label css-poea06">Lao Gan Ma</span></label></li><li data-testid="filter-item" class="css-0"><label class="chakra-checkbox css-1gpkbbx" data-testid="filter-checkbox"><input class="chakra-checkbox__input" type="checkbox" name="QP" value="QP01" style="border: 0px; clip: rect(0px, 0px, 0px, 0px); height: 1px; width: 1px; margin: -1px; padding: 0px; overflow: hidden; white-space: nowrap; position: absolute;"><span class="chakra-checkbox__control css-fqst55" aria-hidden="true"></span><span class="chakra-checkbox__label css-poea06">QP</span></label></li><li data-testid="filter-item" class="css-0"><label class="chakra-checkbox css-1gpkbbx" data-testid="filter-checkbox"><input class="chakra-checkbox__input" type="checkbox" name="O Food" value="OFOD" style="border: 0px; clip: rect(0px, 0px, 0px, 0px); height: 1px; width: 1px; margin: -1px; padding: 0px; overflow: hidden; white-space: nowrap; position: absolute;"><span class="chakra-checkbox__control css-fqst55" aria-hidden="true"></span><span class="chakra-checkbox__label css-poea06">O Food</span></label></li><li data-testid="filter-item" class="css-0"><label class="chakra-checkbox css-1gpkbbx" data-testid="filter-checkbox"><input class="chakra-checkbox__input" type="checkbox" name="Hikari Miso" value="HIKA" style="border: 0px; clip: rect(0px, 0px, 0px, 0px); height: 1px; width: 1px; margin: -1px; padding: 0px; overflow: hidden; white-space: nowrap; position: absolute;"><span class="chakra-checkbox__control css-fqst55" aria-hidden="true"></span><span class="chakra-checkbox__label css-poea06">Hikari Miso</span></label></li><li data-testid="filter-item" class="css-0"><label class="chakra-checkbox css-1gpkbbx" data-testid="filter-checkbox"><input class="chakra-checkbox__input" type="checkbox" name="Kadoya" value="KADO" style="border: 0px; clip: rect(0px, 0px, 0px, 0px); height: 1px; width: 1px; margin: -1px; padding: 0px; overflow: hidden; white-space: nowrap; position: absolute;"><span class="chakra-checkbox__control css-fqst55" aria-hidden="true"></span><span class="chakra-checkbox__label css-poea06">Kadoya</span></label></li><li data-testid="filter-item" class="css-0"><label class="chakra-checkbox css-1gpkbbx" data-testid="filter-checkbox"><input class="chakra-checkbox__input" type="checkbox" name="Maggi" value="MAGG" style="border: 0px; clip: rect(0px, 0px, 0px, 0px); height: 1px; width: 1px; margin: -1px; padding: 0px; overflow: hidden; white-space: nowrap; position: absolute;"><span class="chakra-checkbox__control css-fqst55" aria-hidden="true"></span><span class="chakra-checkbox__label css-poea06">Maggi</span></label></li><li data-testid="filter-item" class="css-0"><label class="chakra-checkbox css-1gpkbbx" data-testid="filter-checkbox"><input class="chakra-checkbox__input" type="checkbox" name="A Taste of Thai" value="ATOT" style="border: 0px; clip: rect(0px, 0px, 0px, 0px); height: 1px; width: 1px; margin: -1px; padding: 0px; overflow: hidden; white-space: nowrap; position: absolute;"><span class="chakra-checkbox__control css-fqst55" aria-hidden="true"></span><span class="chakra-checkbox__label css-poea06">A Taste of Thai</span></label></li><li data-testid="filter-item" class="css-0"><label class="chakra-checkbox css-1gpkbbx" data-testid="filter-checkbox"><input class="chakra-checkbox__input" type="checkbox" name="Coconut Tree" value="COCO" style="border: 0px; clip: rect(0px, 0px, 0px, 0px); height: 1px; width: 1px; margin: -1px; padding: 0px; overflow: hidden; white-space: nowrap; position: absolute;"><span class="chakra-checkbox__control css-fqst55" aria-hidden="true"></span><span class="chakra-checkbox__label css-poea06">Coconut Tree</span></label></li><li data-testid="filter-item" class="css-0"><label class="chakra-checkbox css-1gpkbbx" data-testid="filter-checkbox"><input class="chakra-checkbox__input" type="checkbox" name="Knorr" value="KNOR" style="border: 0px; clip: rect(0px, 0px, 0px, 0px); height: 1px; width: 1px; margin: -1px; padding: 0px; overflow: hidden; white-space: nowrap; position: absolute;"><span class="chakra-checkbox__control css-fqst55" aria-hidden="true"></span><span class="chakra-checkbox__label css-poea06">Knorr</span></label></li><li data-testid="filter-item" class="css-0"><label class="chakra-checkbox css-1gpkbbx" data-testid="filter-checkbox"><input class="chakra-checkbox__input" type="checkbox" name="Heiwa" value="HEWA" style="border: 0px; clip: rect(0px, 0px, 0px, 0px); height: 1px; width: 1px; margin: -1px; padding: 0px; overflow: hidden; white-space: nowrap; position: absolute;"><span class="chakra-checkbox__control css-fqst55" aria-hidden="true"></span><span class="chakra-checkbox__label css-poea06">Heiwa</span></label></li><li data-testid="filter-item" class="css-0"><label class="chakra-checkbox css-1gpkbbx" data-testid="filter-checkbox"><input class="chakra-checkbox__input" type="checkbox" name="Uni Eagle" value="UNIE" style="border: 0px; clip: rect(0px, 0px, 0px, 0px); height: 1px; width: 1px; margin: -1px; padding: 0px; overflow: hidden; white-space: nowrap; position: absolute;"><span class="chakra-checkbox__control css-fqst55" aria-hidden="true"></span><span class="chakra-checkbox__label css-poea06">Uni Eagle</span></label></li><li data-testid="filter-item" class="css-0"><label class="chakra-checkbox css-1gpkbbx" data-testid="filter-checkbox"><input class="chakra-checkbox__input" type="checkbox" name="T&amp;T" value="TT" style="border: 0px; clip: rect(0px, 0px, 0px, 0px); height: 1px; width: 1px; margin: -1px; padding: 0px; overflow: hidden; white-space: nowrap; position: absolute;"><span class="chakra-checkbox__control css-fqst55" aria-hidden="true"></span><span class="chakra-checkbox__label css-poea06">T&amp;T</span></label></li><li data-testid="filter-item" class="css-0"><label class="chakra-checkbox css-1gpkbbx" data-testid="filter-checkbox"><input class="chakra-checkbox__input" type="checkbox" name="Rooster" value="ROO" style="border: 0px; clip: rect(0px, 0px, 0px, 0px); height: 1px; width: 1px; margin: -1px; padding: 0px; overflow: hidden; white-space: nowrap; position: absolute;"><span class="chakra-checkbox__control css-fqst55" aria-hidden="true"></span><span class="chakra-checkbox__label css-poea06">Rooster</span></label></li><li data-testid="filter-item" class="css-0"><label class="chakra-checkbox css-1gpkbbx" data-testid="filter-checkbox"><input class="chakra-checkbox__input" type="checkbox" name="Kikkoman" value="KIKO" style="border: 0px; clip: rect(0px, 0px, 0px, 0px); height: 1px; width: 1px; margin: -1px; padding: 0px; overflow: hidden; white-space: nowrap; position: absolute;"><span class="chakra-checkbox__control css-fqst55" aria-hidden="true"></span><span class="chakra-checkbox__label css-poea06">Kikkoman</span></label></li></ul></fieldset></div></fieldset></div></div></div></div><div data-testid="accordion-item" class="chakra-accordion__item css-1eqvzj9"><button type="button" id="accordion-button-:r7:" aria-expanded="false" aria-controls="accordion-panel-:r7:" class="chakra-accordion__button css-hrnt5e" data-index="1"><div class="css-gc18h7"><div class="chakra-stack css-84zodg"><p class="chakra-heading css-1m68k9a" data-testid="accordion-title">Deals</p></div></div><svg viewBox="0 0 24 24" focusable="false" class="chakra-icon chakra-accordion__icon css-17nyvs4" aria-hidden="true" data-testid="accordion-icon" spacing="0.5rem"><path fill="currentColor" d="M16.59 8.59L12 13.17 7.41 8.59 6 10l6 6 6-6z"></path></svg></button><div class="chakra-collapse" style="overflow: hidden; display: none; opacity: 0; height: 0px;"><div role="region" id="accordion-panel-:r7:" aria-labelledby="accordion-button-:r7:" class="chakra-accordion__panel css-1kqfy7j"><div data-testid="filters-filter-list" class="css-8eow9g"><fieldset class="css-0"><legend class="css-idkz9h">filter by Deals. Choosing a filter will reload the page with the new results</legend><ul role="list" class="css-155za0w"><li data-testid="filter-item" class="css-0"><label class="chakra-checkbox css-1gpkbbx" data-testid="filter-checkbox"><input class="chakra-checkbox__input" type="checkbox" name="Price Reduction" value="Price Reduction" style="border: 0px; clip: rect(0px, 0px, 0px, 0px); height: 1px; width: 1px; margin: -1px; padding: 0px; overflow: hidden; white-space: nowrap; position: absolute;"><span class="chakra-checkbox__control css-fqst55" aria-hidden="true"></span><span class="chakra-checkbox__label css-poea06">Price Reduction</span></label></li><li data-testid="filter-item" class="css-0"><label class="chakra-checkbox css-1gpkbbx" data-testid="filter-checkbox"><input class="chakra-checkbox__input" type="checkbox" name="$1,$2,$3,$4,$5" value="$1,$2,$3,$4,$5" style="border: 0px; clip: rect(0px, 0px, 0px, 0px); height: 1px; width: 1px; margin: -1px; padding: 0px; overflow: hidden; white-space: nowrap; position: absolute;"><span class="chakra-checkbox__control css-fqst55" aria-hidden="true"></span><span class="chakra-checkbox__label css-poea06">$1,$2,$3,$4,$5</span></label></li></ul></fieldset></div></div></div></div><div data-testid="accordion-item" class="chakra-accordion__item css-1eqvzj9"><button type="button" id="accordion-button-:ra:" aria-expanded="false" aria-controls="accordion-panel-:ra:" class="chakra-accordion__button css-hrnt5e" data-index="2"><div class="css-gc18h7"><div class="chakra-stack css-84zodg"><p class="chakra-heading css-1m68k9a" data-testid="accordion-title">Price</p></div></div><svg viewBox="0 0 24 24" focusable="false" class="chakra-icon chakra-accordion__icon css-17nyvs4" aria-hidden="true" data-testid="accordion-icon" spacing="0.5rem"><path fill="currentColor" d="M16.59 8.59L12 13.17 7.41 8.59 6 10l6 6 6-6z"></path></svg></button><div class="chakra-collapse" style="overflow: hidden; display: none; opacity: 0; height: 0px;"><div role="region" id="accordion-panel-:ra:" aria-labelledby="accordion-button-:ra:" class="chakra-accordion__panel css-1kqfy7j"><div data-testid="filters-filter-list" class="css-8eow9g"><fieldset class="css-0"><legend class="css-idkz9h">filter by Price. Choosing a filter will reload the page with the new results</legend><ul role="list" class="css-155za0w"><li data-testid="filter-item" class="css-0"><label class="chakra-checkbox css-1gpkbbx" data-testid="filter-checkbox"><input class="chakra-checkbox__input" type="checkbox" name="$5 and under" value="$5 and under" style="border: 0px; clip: rect(0px, 0px, 0px, 0px); height: 1px; width: 1px; margin: -1px; padding: 0px; overflow: hidden; white-space: nowrap; position: absolute;"><span class="chakra-checkbox__control css-fqst55" aria-hidden="true"></span><span class="chakra-checkbox__label css-poea06">$5 and under</span></label></li><li data-testid="filter-item" class="css-0"><label class="chakra-checkbox css-1gpkbbx" data-testid="filter-checkbox"><input class="chakra-checkbox__input" type="checkbox" name="$5-$10" value="$5-$10" style="border: 0px; clip: rect(0px, 0px, 0px, 0px); height: 1px; width: 1px; margin: -1px; padding: 0px; overflow: hidden; white-space: nowrap; position: absolute;"><span class="chakra-checkbox__control css-fqst55" aria-hidden="true"></span><span class="chakra-checkbox__label css-poea06">$5-$10</span></label></li><li data-testid="filter-item" class="css-0"><label class="chakra-checkbox css-1gpkbbx" data-testid="filter-checkbox"><input class="chakra-checkbox__input" type="checkbox" name="$10-$15" value="$10-$15" style="border: 0px; clip: rect(0px, 0px, 0px, 0px); height: 1px; width: 1px; margin: -1px; padding: 0px; overflow: hidden; white-space: nowrap; position: absolute;"><span class="chakra-checkbox__control css-fqst55" aria-hidden="true"></span><span class="chakra-checkbox__label css-poea06">$10-$15</span></label></li><li data-testid="filter-item" class="css-0"><label class="chakra-checkbox css-1gpkbbx" data-testid="filter-checkbox"><input class="chakra-checkbox__input" type="checkbox" name="$15-$20" value="$15-$20" style="border: 0px; clip: rect(0px, 0px, 0px, 0px); height: 1px; width: 1px; margin: -1px; padding: 0px; overflow: hidden; white-space: nowrap; position: absolute;"><span class="chakra-checkbox__control css-fqst55" aria-hidden="true"></span><span class="chakra-checkbox__label css-poea06">$15-$20</span></label></li><li data-testid="filter-item" class="css-0"><label class="chakra-checkbox css-1gpkbbx" data-testid="filter-checkbox"><input class="chakra-checkbox__input" type="checkbox" name="$20-$30" value="$20-$30" style="border: 0px; clip: rect(0px, 0px, 0px, 0px); height: 1px; width: 1px; margin: -1px; padding: 0px; overflow: hidden; white-space: nowrap; position: absolute;"><span class="chakra-checkbox__control css-fqst55" aria-hidden="true"></span><span class="chakra-checkbox__label css-poea06">$20-$30</span></label></li></ul></fieldset></div></div></div></div><div data-testid="accordion-item" class="chakra-accordion__item css-1eqvzj9"><button type="button" id="accordion-button-:rd:" aria-expanded="false" aria-controls="accordion-panel-:rd:" class="chakra-accordion__button css-hrnt5e" data-index="3"><div class="css-gc18h7"><div class="chakra-stack css-84zodg"><p class="chakra-heading css-1m68k9a" data-testid="accordion-title">Dietary &amp; Lifestyle</p></div></div><svg viewBox="0 0 24 24" focusable="false" class="chakra-icon chakra-accordion__icon css-17nyvs4" aria-hidden="true" data-testid="accordion-icon" spacing="0.5rem"><path fill="currentColor" d="M16.59 8.59L12 13.17 7.41 8.59 6 10l6 6 6-6z"></path></svg></button><div class="chakra-collapse" style="overflow: hidden; display: none; opacity: 0; height: 0px;"><div role="region" id="accordion-panel-:rd:" aria-labelledby="accordion-button-:rd:" class="chakra-accordion__panel css-1kqfy7j"><div data-testid="filters-filter-list" class="css-8eow9g"><fieldset class="css-0"><legend class="css-idkz9h">filter by Dietary &amp; Lifestyle. Choosing a filter will reload the page with the new results</legend><ul role="list" class="css-155za0w"><li data-testid="filter-item" class="css-0"><label class="chakra-checkbox css-1gpkbbx" data-testid="filter-checkbox"><input class="chakra-checkbox__input" type="checkbox" name="Peanut Free Facility" value="peanut_free" style="border: 0px; clip: rect(0px, 0px, 0px, 0px); height: 1px; width: 1px; margin: -1px; padding: 0px; overflow: hidden; white-space: nowrap; position: absolute;"><span class="chakra-checkbox__control css-fqst55" aria-hidden="true"></span><span class="chakra-checkbox__label css-poea06">Peanut Free Facility</span></label></li><li data-testid="filter-item" class="css-0"><label class="chakra-checkbox css-1gpkbbx" data-testid="filter-checkbox"><input class="chakra-checkbox__input" type="checkbox" name="Gluten Free" value="gluten_free" style="border: 0px; clip: rect(0px, 0px, 0px, 0px); height: 1px; width: 1px; margin: -1px; padding: 0px; overflow: hidden; white-space: nowrap; position: absolute;"><span class="chakra-checkbox__control css-fqst55" aria-hidden="true"></span><span class="chakra-checkbox__label css-poea06">Gluten Free</span></label></li><li data-testid="filter-item" class="css-0"><label class="chakra-checkbox css-1gpkbbx" data-testid="filter-checkbox"><input class="chakra-checkbox__input" type="checkbox" name="Organic" value="organic" style="border: 0px; clip: rect(0px, 0px, 0px, 0px); height: 1px; width: 1px; margin: -1px; padding: 0px; overflow: hidden; white-space: nowrap; position: absolute;"><span class="chakra-checkbox__control css-fqst55" aria-hidden="true"></span><span class="chakra-checkbox__label css-poea06">Organic</span></label></li></ul></fieldset></div></div></div></div></div></div></div></div><footer class="css-1fndqky"><button type="button" class="chakra-button css-10ccjt5" data-testid="filter-panel-submit">Show All Results</button></footer></div></div></div></div></div><div tabindex="0" aria-hidden="true" data-sentinel="end" style="width: 0px; height: 0px; overflow: hidden; outline: none; position: absolute;"></div></div></div><div class="chakra-portal"><ul role="region" aria-live="polite" id="chakra-toast-manager-top" style="position: fixed; z-index: 5500; pointer-events: none; display: flex; flex-direction: column; margin: 0px auto; top: env(safe-area-inset-top, 0px); right: env(safe-area-inset-right, 0px); left: env(safe-area-inset-left, 0px);"></ul><ul role="region" aria-live="polite" id="chakra-toast-manager-top-left" style="position: fixed; z-index: 5500; pointer-events: none; display: flex; flex-direction: column; top: env(safe-area-inset-top, 0px); left: env(safe-area-inset-left, 0px);"></ul><ul role="region" aria-live="polite" id="chakra-toast-manager-top-right" style="position: fixed; z-index: 5500; pointer-events: none; display: flex; flex-direction: column; top: env(safe-area-inset-top, 0px); right: env(safe-area-inset-right, 0px);"></ul><ul role="region" aria-live="polite" id="chakra-toast-manager-bottom-left" style="position: fixed; z-index: 5500; pointer-events: none; display: flex; flex-direction: column; bottom: env(safe-area-inset-bottom, 0px); left: env(safe-area-inset-left, 0px);"></ul><ul role="region" aria-live="polite" id="chakra-toast-manager-bottom" style="position: fixed; z-index: 5500; pointer-events: none; display: flex; flex-direction: column; margin: 0px auto; bottom: env(safe-area-inset-bottom, 0px); right: env(safe-area-inset-right, 0px); left: env(safe-area-inset-left, 0px);"></ul><ul role="region" aria-live="polite" id="chakra-toast-manager-bottom-right" style="position: fixed; z-index: 5500; pointer-events: none; display: flex; flex-direction: column; bottom: env(safe-area-inset-bottom, 0px); right: env(safe-area-inset-right, 0px);"></ul></div><div id="slContainer" class="sl-container-desktop"><div class="sl-views-wrapper"><div class="sl-frame-component" style="z-index: 1;"><iframe class="sl-frame"></iframe><div class="sl-item-background-shade"></div></div><div class="sl-frame-component" style="z-index: 2;"><iframe class="sl-frame"></iframe><div class="sl-item-background-shade"></div></div><div class="sl-frame-component" style="z-index: 3;"><iframe class="sl-frame"></iframe><div class="sl-item-background-shade"></div></div></div></div><iframe name="google_ads_top_frame" id="google_ads_top_frame" style="display: none; position: fixed; left: -999px; top: -999px; width: 0px; height: 0px;"></iframe><iframe src="https://tpc.googlesyndication.com/sodar/sodar2/225/runner.html" width="0" height="0" style="display: none;"></iframe><iframe src="https://www.google.com/recaptcha/api2/aframe" width="0" height="0" style="display: none;"></iframe></body><iframe id="uocioHYB5EmztaoF" style="display: none;"></iframe><div style="display: none;"></div></html>